2242 3600
697 161 1194 216 GHER‘ARDO
1251 162 1574 215 FRATRI
1990 181 2052 236 95

205 290 499 362 impendet,
554 290 643 342 ille
694 290 852 342 Vallis
908 290 1100 355 Bonae,
1157 309 1291 360 quae
1347 290 1561 342 dextrae
1614 290 1858 343 Rhodani
1913 293 2056 362 ripae

204 378 442 448 proxima
470 391 564 430 est.
629 377 770 430 Cum
799 396 922 446 ergo
951 395 1035 428 eos
1064 377 1334 447 episcopus
1364 397 1457 429 suo
1486 396 1632 429 more
1661 377 1847 430 talium
1877 379 2053 448 hospi-

204 479 322 518 tum
339 464 562 516 laetatus
582 463 814 517 adventu
834 464 1056 515 comiter
1075 464 1374 533 excepisset,
1398 477 1677 534 tractoque
1695 463 1762 515 ad
1779 484 2054 535 vesperum

201 570 442 603 sermone
491 550 660 602 multa
707 562 1160 619 percunctaretur,
1212 563 1373 619 atque
1420 550 1476 601 in
1525 550 1705 619 primis
1756 569 1891 620 quae
1941 550 2053 602 illos

202 657 352 690 causa
377 638 651 690 Patavium
673 635 986 699 adduxisset,
1010 635 1393 705 responderunt
1420 655 1472 688 se
1492 637 1668 688 missos
1695 636 1759 688 ab
1787 637 1972 689 ordine
1993 652 2054 689 ut

202 726 257 776 in
295 725 562 776 territorio
596 723 873 776 Tarvisino
911 722 1227 774 coenobium
1262 723 1633 776 Carthusiense
1669 738 2052 789 construerent,

200 814 412 864 favente
442 812 497 862 in
530 811 707 881 primis
741 811 986 881 episcopo
1019 823 1180 880 atque
1213 810 1318 861 aliis
1353 810 1668 880 quibusdam
1702 811 1918 875 civibus,
1952 811 2054 863 loci

199 898 335 950 illius
382 897 529 948 bonis
576 916 633 948 ac
680 897 880 949 devotis
927 897 1062 950 viris.
1146 896 1306 956 Quod
1352 916 1481 966 opus
1528 897 1754 967 qualiter
1799 897 2052 951 hactenus

200 984 500 1037 successerit
525 1002 947 1037 successurumve
970 984 1037 1035 sit
1064 984 1252 1036 nescio.

270 1070 523 1122 Ceterum
545 1088 667 1122 cum
688 1071 767 1122 vir
787 1070 891 1135 ille,
915 1071 1059 1126 cuius
1082 1084 1143 1123 ut
1165 1071 1274 1123 vita
1296 1070 1619 1140 exemplaris,
1641 1072 1712 1122 sic
1735 1085 1788 1123 et
1812 1071 2054 1124 doctrina

199 1171 254 1209 et
283 1157 452 1208 oratio
480 1170 658 1208 sancta
686 1157 807 1222 fuit,
839 1157 1060 1210 verbum
1090 1177 1118 1209 e
1146 1157 1308 1210 verbo
1339 1157 1562 1222 eliciens,
1594 1171 1648 1209 et
1677 1158 1817 1210 inter
1847 1158 1943 1210 alia
1974 1160 2054 1212 tui

200 1262 416 1314 quoque
446 1244 772 1295 mentionem
803 1244 1012 1309 faciens,
1046 1262 1205 1314 quam
1235 1258 1375 1295 sorte
1407 1263 1464 1295 ac
1495 1245 1772 1296 vocatione
1804 1259 1896 1297 tua
1927 1264 2052 1297 con-

203 1344 380 1382 tentus
408 1349 579 1399 ageres
607 1330 956 1399 quaesivisset,
984 1329 1059 1381 illi
1087 1331 1331 1382 certatim
1358 1331 1633 1382 materiam
1661 1331 1973 1400 aggressiffde
2000 1346 2054 1384 te

202 1416 502 1486 magnificos
532 1435 764 1493 rumores
794 1416 1110 1481 retulerunt,
1142 1418 1458 1468 nominatim
1488 1436 1691 1482 unum3
1743 1437 1866 1470 cum
1895 1420 2053 1488 pestis

188 1495 345 1568 '‘llaeC,
389 1522 524 1573 quae
564 1522 743 1555 Omnes
786 1517 945 1555 terraS
989 1523 1046 1555 aC
1089 1523 1250 1555 marla
1291 1519 1571 1574 pervagata
1613 1518 1707 1570 est,
1753 1505 1819 1557 ad
1860 1524 1949 1558 VOS
1992 1525 2054 1557 CX

159 1868 188 1988 1&

202 1590 387 1642 ordine
418 1591 657 1656 venisset,
692 1605 747 1643 et
782 1605 957 1660 castra¹
982 1592 1037 1643 in
1071 1591 1261 1661 quibus
1296 1591 1510 1643 Christo
1544 1591 1758 1644 militas
1769 1593 2052 1657 invasisset,

200 1679 450 1748 priorque
490 1692 628 1743 tuus,
669 1679 749 1730 vir
788 1677 1038 1748 alioquin,
1079 1692 1141 1730 ut
1180 1679 1290 1748 ipse
1329 1679 1469 1743 novi,
1509 1680 1675 1731 sancti
1716 1634 2054 1750 ardentisque

201 1765 475 1834 propositi,
516 1778 695 1816 tamen
731 1765 951 1834 inopino
989 1764 1127 1816 malo
1166 1766 1379 1817 territus
1418 1766 1723 1818 hortaretur
1753 1768 1958 1843 fugam,
1981 1780 2054 1841 te

200 1851 276 1902 illi
313 1851 592 1903 christiane
628 1851 783 1904 simul
820 1871 877 1903 ac
915 1851 1276 1922 philosophice
1314 1852 1651 1922 respondisse,
1683 1853 1889 1939 placere
1925 1872 2051 1905 con-

201 1938 576 2015 311111131ὴ111ος10
597 1937 957 1989 inaccessibilis
981 1938 1141 1989 morti
1162 1937 1304 1990 locus
1328 1938 1511 2008 aliquis
1534 1958 1754 2009 usquam
1777 1954 1923 1992 esset.
1982 1940 2051 1991 Et

190 2005 346 2076 “c‘fi'ni
368 2008 839 2077 ille-‘nihilominus
886 2024 1190 2077 abeundum
1237 2025 1452 2091 diceret,
1500 2026 1824 2096 respondisse
1868 2028 2051 2092 acrius,

201 2112 302 2163 iret
341 2131 448 2182 quo
485 2131 538 2164 se
578 2112 797 2182 dignum
837 2112 1110 2185 crederet3
1171 2126 1226 2163 te
1262 2113 1318 2164 in
1357 2113 1594 2165 custodia
1634 2113 1733 2165 tibi
1772 2134 1800 2165 a
1838 2114 2052 2167 Christo

202 2198 401 2251 credita
430 2218 847 2269 permansurum.
915 2199 1164 2269 Cumque
1193 2200 1389 2251 iterum
1420 2214 1474 2252 et
1505 2201 1702 2252 iterum
1727 2202 1965 2266 instaret,
1998 2216 2051 2253 et

2080 556 2126 583 10

2077 990 2123 1032 15

2076 1428 2124 1455 20

2076 1863 2122 1903 25

201 2286 340 2337 inter
375 2300 594 2338 terrores
630 2286 752 2338 alios
785 2286 1122 2356 sepulchrum
1157 2305 1370 2356 quoque
1405 2287 1504 2338 tibi
1540 2287 1850 2340 defuturum
1884 2289 2050 2341 mina·
2074 2302 2123 2339 30

202 2387 364 2436 retur,
405 2373 588 2425 dixisse
625 2388 679 2425 te
700 2373 858 2451 illam
897 2373 995 2424 tibi
1033 2393 1095 2424 ex
1132 2373 1374 2445 omnibus
1412 2373 1655 2426 ultimam
1693 2394 1871 2427 curam
1910 2395 2048 2442 esse3
2082 2395 2088 2434 1

203 2479 374 2530 neque
397 2462 537 2512 enim
561 2475 651 2512 tua
674 2449 922 2512 interesse
942 2460 1031 2511 sed
1052 2461 1397 2530 superstitum
1415 2461 1593 2530 quali'
1580 2481 1741 2513 laceas
1763 2462 2047 2532 sepultura
2090 2506 2094 2515 .

201 2546 361 2599 Illum
393 2561 659 2617 postremo
692 2548 891 2599 cessisse
924 2547 989 2598 ad
1020 2561 1249 2617 penates
1265 2548 1459 2618 patrios
1493 2568 1588 2600 nec
1620 2550 1695 2601 ita
1727 2549 1899 2602 multo
1931 2565 2050 2621 post

201 2647 374 2685 morte
408 2633 533 2685 illuc
570 2652 691 2686 eum
727 2635 1038 2704 insequente
1074 2634 1421 2699 subtractum,
1461 2649 1515 2686 te
1550 2655 1674 2688 vero
1710 2636 2046 2703 incolumem,

201 2738 263 2771 eo
302 2719 444 2789 apud
482 2739 642 2790 quem
681 2734 758 2772 est
796 2721 912 2772 fons
950 2720 1090 2772 vitae
1127 2735 1457 2791 protegente,
1497 2723 1773 2788 mansisse3
1833 2737 1887 2775 et
1926 2744 2047 2776 cum
2068 2739 2117 2780 35

204 2805 384 2858 diebus
417 2807 594 2875 paucis
627 2825 764 2859 mors
798 2821 1054 2877 quattuor
1086 2821 1139 2859 et
1173 2808 1391 2877 triginta
1424 2809 1516 2878 qui
1547 2808 1653 2860 illic
1686 2824 1835 2862 erant
1868 2811 2045 2864 abstu-

200 2892 357 2957 lisset,
386 2892 555 2945 solum
583 2894 639 2945 in
666 2894 984 2945 monasterio
1011 2893 1268 2946 resedisse.

272 2977 413 3029 Illud
439 2977 704 3030 addebant
732 2993 786 3031 te
812 2979 957 3031 nullo
983 2979 1154 3031 morbi
1180 2982 1424 3050 contagio
1451 2982 1765 3035 deterritum
1791 2984 2046 3037 adstitisse

201 3064 451 3116 fratribus
492 3066 594 3117 tuis
643 3066 1041 3136 exspirantibus,
1082 3080 1136 3118 et
1183 3086 1423 3138 suprema
1461 3069 1618 3122 verba
1666 3084 1827 3140 atque
1863 3072 2046 3135 oscula

202 3151 552 3220 excipientem
593 3165 647 3203 et
686 3152 857 3221 gelida
898 3172 1115 3222 corpora
1153 3152 1435 3220 lavantem,
1477 3174 1629 3226 saepe
1668 3176 1775 3208 uno
1818 3142 1917 3209 dfe?
1942 3172 2044 3211 tres
2066 3177 2117 3212 40

201 3236 438 3307 pluresve
476 3238 578 3289 tuis
616 3238 855 3291 manibus
891 3238 1147 3293 indefesso
1182 3242 1393 3312 pietatis
1431 3243 1683 3314 obsequio
1718 3244 1953 3314 sepelisse
1988 3260 2043 3297 et
