2242 3600
554 188 950 242 IOHANNI
1011 188 1120 241 DE
1177 185 1660 240 CERTALDO
1931 200 2022 254 171

186 339 290 391 qua
341 332 468 371 tunc
505 318 814 382 scribebam,
855 314 1234 384 astrologorum
1272 314 1615 367 comminatio
1653 330 1860 383 prorsus
1902 331 2027 364 con-

188 406 499 476 temptibilis
535 405 818 458 videretur.
891 404 1081 472 Neque
1114 401 1235 453 ideo
1270 420 1441 453 rursus
1476 400 1576 451 hoc
1613 398 1851 463 dixerim,
1888 395 2033 467 quod

186 494 399 546 illorum
423 494 574 571 nugis
603 491 717 562 plus
739 490 861 542 fidei
889 489 1108 541 habeam
1137 507 1295 558 quam
1326 487 1482 552 soleo,
1504 485 1593 539 sed
1624 485 1746 556 quia
1782 483 2034 536 memoria

186 579 458 650 praeteriti
497 578 764 649 temporiS,
803 595 990 629 verane
1028 594 1093 626 an
1130 574 1253 626 falsa
1290 574 1479 638 nescio,
1518 591 1583 624 an
1620 572 1674 623 ni
1711 570 1861 622 fallor
1896 588 2034 634 vera,

186 679 242 718 et
289 665 603 730 observati0‚
653 677 852 734 quanta
897 663 952 714 in
1000 675 1108 714 tam
1154 680 1315 731 parvo
1363 678 1582 712 numero
1629 675 1887 709 annorum
1933 674 2036 708 esse
2059 683 2106 712 10

187 753 385 823 potuit,
428 771 594 822 prope
637 750 766 802 mihi
808 761 1166 820 persuaserant
1210 768 1271 799 ex
1311 760 1462 818 parte
1502 764 1686 799 verum
1728 763 1849 810 esse,
1892 742 2037 813 quod

188 839 452 892 diceretur
484 838 770 910 septimum
805 836 999 889 scilicet
1033 854 1090 887 ac
1116 853 1324 905 nonum
1358 852 1556 886 annum
1587 833 1728 885 vitae
1759 829 2037 883 hominum

187 924 449 989 molestOS,
488 916 699 976 alterius
733 921 1013 975 insultibus
1048 920 1165 992 [sic]
1202 934 1256 973 et
1294 939 1458 972 novae
1495 917 1693 989 aliquid
1729 916 2038 969 calamitatis

187 1011 478 1075 advehere3
529 1009 619 1062 sed
645 1029 710 1062 an
731 1009 925 1082 'tertius
952 1022 1006 1061 et
1038 1007 1378 1079 sexagesimus
1400 1026 1467 1081 ex
1492 1006 1571 1059 his
1599 1019 1839 1058 constans
1871 1004 2036 1074 gemi-

188 1111 315 1150 nato
340 1097 638 1151 discrimine
662 1095 825 1166 duplo
850 1094 1150 1160 terribilior,
1175 1107 1237 1146 ut
1261 1093 1315 1145 hi
1338 1092 1544 1157 volunt,
1571 1106 1718 1157 esset,
1744 1109 1852 1143 non
1875 1108 2039 1160 aeque
2062 1111 2107 1152 15

189 1184 319 1236 mihi
357 1201 658 1254 persuasum
697 1196 824 1248 erat,
865 1181 1143 1253 multoque
1180 1181 1350 1232 minus
1389 1193 1467 1232 est
1503 1178 1662 1231 hodie
1697 1178 1754 1230 in
1791 1197 1877 1230 me
1913 1196 2037 1229 con-

189 1272 409 1324 trarium
434 1291 534 1341 ope
555 1271 752 1340 gratiae
775 1269 1006 1323 caelestis
1031 1281 1264 1339 expertO.
1323 1265 1481 1318 Tunc
1506 1284 1632 1318 vero
1657 1264 2041 1335 superstitionis

187 1359 326 1412 illius
368 1358 705 1428 astrologicae
745 1371 896 1428 parte
937 1356 1099 1409 altera
1140 1374 1246 1408 non
1286 1354 1342 1406 in
1384 1367 1562 1405 totum
1602 1351 1735 1404 liber
1776 1365 1830 1404 et
1870 1351 1926 1403 in
1966 1351 2040 1403 rei

353 1426 444 1441 w-

191 1446 393 1498 exitum
427 1446 683 1510 intentus,
713 1443 1123 1515 exspectandum
1160 1441 1282 1494 anni
1319 1441 1479 1493 finem
1515 1439 1709 1504 censui,
1737 1452 1905 1508 utque
1942 1437 2040 1491 tibi

187 1527 597 1580 sollicitudinem
636 1527 929 1580 breviorem
967 1528 1210 1591 facerem,
1251 1522 1526 1595 epistolam
1563 1521 1724 1587 illam,
1765 1520 1856 1573 diu
1895 1534 2038 1591 post·
2064 1548 2112 1577 20

189 1633 349 1685 quam
378 1614 569 1684 scripta
599 1627 652 1667 et
682 1613 880 1683 signata
910 1626 1038 1679 erat,
1065 1612 1135 1688 ad
1165 1626 1218 1664 te
1248 1610 1461 1663 mittere
1491 1608 1687 1674 distuli,
1718 1627 1825 1678 quo
1855 1607 2041 1660 timere

190 1700 256 1753 de
283 1720 367 1753 me
397 1701 595 1754 tardius
623 1701 892 1771 inciperes,
1088 1686 1218 1693 x
1246 1686 1250 1687 ⁷
1275 1688 1278 1689 ⁷
1355 1690 1359 1691 ⁷
1433 1691 1435 1694 ¹
1489 1691 1492 1693 Α
1516 1692 1521 1693 ’

241 1788 601 1858 ,ἓξερεεῖαωε
642 1787 756 1839 finis
807 1807 926 1839 ecce
959 1786 1151 1855 ades-t,
1223 1803 1387 1836 annus
1434 1781 1521 1835 ille
1572 1781 1834 1846 terribilis,
1877 1779 2040 1851 qualis

190 1874 351 1926 fuerit
373 1875 649 1928 futurusve
672 1873 780 1926 aliis
804 1873 888 1939 sit,
912 1872 1009 1943 ipsi
1031 1871 1286 1936 iudicent,
1312 1869 1442 1921 mihi
1466 1868 1679 1922 salubris
1703 1887 1760 1919 ac
1782 1866 2041 1920 iucundus

190 1961 295 2013 fuit
317 1981 331 2026 3
380 1981 496 2021 raro
522 1979 757 2031 unquam
785 1978 1004 2030 corpore
1029 1958 1287 2027 saniorem
1314 1969 1486 2008 aetate
1512 1954 1749 2025 qualibet
1777 1973 1862 2010 me
1888 1953 2112 2019 fuisse„25

189 2047 442 2124 memini„
503 2047 756 2100 Privatim
802 2045 1001 2098 adversi
1046 2043 1178 2097 nihil
1221 2042 1447 2107 incidit;
1512 2040 1724 2112 publice
1767 2059 1892 2093 vero
1937 2039 2043 2092 duo

192 2133 540 2204 prosperrima
575 2152 669 2203 per
705 2132 798 2185 hos
836 2131 941 2183 dies
983 2149 1216 2185 evenere.
1290 2129 1376 2181 Ita
1412 2127 1548 2192 dico,
1584 2127 1625 2179 si
1660 2125 1845 2179 stabile
1884 2138 2045 2195 atque

193 2233 512 2290 perpetuum
559 2219 786 2272 alterum
834 2219 1015 2270 fuisset
1062 2217 1394 2286 alterumque
1438 2216 1683 2266 futurum
1728 2227 1821 2265 est.
1904 2211 2046 2264 Illud

194 2306 334 2358 enim
384 2305 607 2371 transiit,
657 2305 757 2357 hoc
805 2304 1020 2375 pendet.
1107 2302 1160 2355 Si
1209 2301 1425 2372 quidem
1472 2301 1674 2365 Petrus,
1723 2299 1887 2369 Cypri
1936 2318 2044 2364 reX,

194 2392 563 2445 Alexandriam
595 2392 738 2462 cepit
770 2392 827 2443 in
857 2390 1122 2460 Aegypto,
1156 2407 1406 2458 magnum
1440 2406 1568 2457 opus
1601 2400 1655 2439 et
1688 2385 2043 2451 memorabile,
2066 2409 2117 2448 30

195 2493 507 2550 nostraeque
544 2478 804 2548 religionis
842 2479 898 2531 in
937 2478 1253 2529 immensum
1294 2473 1690 2545 amplificandae
1729 2472 2043 2525 fundamen-

197 2579 314 2618 tum
345 2566 543 2635 ingens,
570 2565 629 2630 si,
662 2578 925 2635 quantum
957 2563 1023 2615 ad
1050 2561 1376 2634 capiendam,
1405 2574 1617 2613 tantum
1645 2559 1711 2612 ad
1740 2559 2046 2613 servandam

195 2652 383 2705 urbem
417 2653 579 2706 animi
610 2652 827 2716 fuisset3
884 2650 976 2721 qui
1007 2649 1107 2702 sibi
1140 2663 1283 2701 certe
1317 2667 1424 2700 non
1459 2648 1647 2713 defuit,
1683 2661 1745 2699 ut
1778 2647 1916 2700 fama
1951 2660 2046 2712 est,
2091 2636 2099 2642 ⁵

198 2739 293 2790 nisi
341 2737 486 2808 quod
536 2738 817 2790 comitatus
867 2737 973 2789 eius
1022 2755 1084 2788 ex
1129 2734 1483 2806 Transalpinis
1532 2734 1757 2786 maxime
1802 2732 2047 2804 gentibus

198 2824 464 2889 collectUS,
516 2823 815 2876 melioribus
865 2841 1071 2892 semper
1122 2821 1188 2873 ad
1236 2822 1495 2892 principia
1547 2839 1722 2873 rerum
1772 2838 1932 2891 quam
1983 2818 2049 2871 ad
2069 2837 2119 2880 35

199 2911 384 2976 exituS,
418 2909 568 2962 illum
599 2911 655 2963 in
688 2910 863 2962 medio
895 2907 1285 2979 praeclarissimi
1318 2908 1485 2979 operis
1521 2908 1828 2972 deserenteS,
1863 2920 1925 2958 ut
1957 2905 2049 2976 qui

199 2997 348 3068 pium
381 3015 556 3066 regem
588 3016 695 3049 non
729 2997 929 3067 pietate
957 2994 1049 3047 sed
1089 2994 1383 3066 cupiditate
1421 3009 1783 3065 sequerentur,
1821 2992 2048 3045 collectis

200 3084 374 3154 spoliis
393 3083 582 3148 abiere,
601 3083 782 3153 piique
797 3082 909 3135 voti
924 3083 1201 3152 impotem,
1221 3082 1358 3135 avari
1378 3082 1491 3135 voti
1508 3095 1775 3152 compotes
1794 3100 1846 3133 se
1863 3080 2047 3131 fecere.

270 3169 357 3221 Ad
384 3170 510 3222 haec
539 3170 802 3221 Romanus
831 3169 1094 3234 Pontifex,
1122 3188 1241 3221 vere
1267 3170 1485 3239 inquam
1513 3167 1758 3221 Pontifex
1785 3166 2049 3239 Romanus

203 3257 489 3309 honorifice
522 3256 887 3321 nominanduS,
919 3255 1157 3309 Vrbanus
1189 3256 1253 3321 V,
1286 3275 1463 3326 quem,
1496 3268 1557 3307 ut
1590 3253 1769 3306 audire
1807 3252 2046 3323 potuisti,
2071 3272 2123 3310 40
