<?xml version="1.0" encoding="UTF-8"?>
<!DOCTYPE html PUBLIC "-//W3C//DTD XHTML 1.0 Transitional//EN"
    "http://www.w3.org/TR/xhtml1/DTD/xhtml1-transitional.dtd">
<html xmlns="http://www.w3.org/1999/xhtml" xml:lang="en" lang="en">
 <head>
  <title>
</title>
<meta http-equiv="Content-Type" content="text/html;charset=utf-8" />
  <meta name='ocr-system' content='tesseract 3.04.00' />
  <meta name='ocr-capabilities' content='ocr_page ocr_carea ocr_par ocr_line ocrx_word'/>
</head>
<body>
  <div class='ocr_page' id='page_1' title='image "./epistolaeselecta00petruoft_0042.png"; bbox 0 0 2242 3600; ppageno 0'>
   <div class='ocr_carea' id='block_1_1' title="bbox 219 147 1660 202">
    <p class='ocr_par' dir='ltr' id='par_1_1' title="bbox 219 147 1660 202">
     <span class='ocr_line' id='line_1_1' title="bbox 219 147 1660 202; baseline 0.002 -3"><span class='ocrx_word' id='word_1_1' title='bbox 219 147 285 199; x_wconf 86' lang='lat'>26</span> <span class='ocrx_word' id='word_1_2' title='bbox 622 148 1030 201; x_wconf 90' lang='lat' dir='ltr'><strong>BARBATO</strong></span> <span class='ocrx_word' id='word_1_3' title='bbox 1083 148 1660 202; x_wconf 90' lang='lat' dir='ltr'>SVLMONENSI</span> 
     </span>
    </p>
   </div>
   <div class='ocr_carea' id='block_1_2' title="bbox 137 277 2107 2244">
    <p class='ocr_par' dir='ltr' id='par_1_2' title="bbox 215 277 2054 350">
     <span class='ocr_line' id='line_1_2' title="bbox 215 277 2054 350; baseline 0.001 -22"><span class='ocrx_word' id='word_1_4' title='bbox 215 295 388 345; x_wconf 89' lang='lat' dir='ltr'>regem</span> <span class='ocrx_word' id='word_1_5' title='bbox 422 277 590 329; x_wconf 91' lang='lat' dir='ltr'>dicam</span> <span class='ocrx_word' id='word_1_6' title='bbox 632 278 1032 348; x_wconf 90' lang='lat' dir='ltr'>multorumque</span> <span class='ocrx_word' id='word_1_7' title='bbox 1070 281 1312 332; x_wconf 89' lang='lat' dir='ltr'>saevitiae</span> <span class='ocrx_word' id='word_1_8' title='bbox 1352 281 1694 350; x_wconf 79' lang='lat' dir='ltr'>expositum?</span> <span class='ocrx_word' id='word_1_9' title='bbox 1772 280 1963 350; x_wconf 90' lang='lat' dir='ltr'>Itaque</span> <span class='ocrx_word' id='word_1_10' title='bbox 1992 279 2054 345; x_wconf 90' lang='lat' dir='ltr'>si,</span> 
     </span>
    </p>

    <p class='ocr_par' dir='ltr' id='par_1_3' title="bbox 148 363 2107 524">
     <span class='ocr_line' id='line_1_3' title="bbox 214 363 2054 432; baseline 0.003 -18"><span class='ocrx_word' id='word_1_11' title='bbox 214 381 321 432; x_wconf 94' lang='lat' dir='ltr'>quo</span> <span class='ocrx_word' id='word_1_12' title='bbox 353 363 437 415; x_wconf 92' lang='lat' dir='ltr'>die</span> <span class='ocrx_word' id='word_1_13' title='bbox 468 364 617 416; x_wconf 90' lang='lat' dir='ltr'>Plato</span> <span class='ocrx_word' id='word_1_14' title='bbox 650 364 801 416; x_wconf 91' lang='lat' dir='ltr'>rebus</span> <span class='ocrx_word' id='word_1_15' title='bbox 832 364 1071 417; x_wconf 91' lang='lat' dir='ltr'>humanis</span> <span class='ocrx_word' id='word_1_16' title='bbox 1104 367 1333 431; x_wconf 80' lang='lat' dir='ltr'>excessit,</span> <span class='ocrx_word' id='word_1_17' title='bbox 1366 366 1440 419; x_wconf 91' lang='lat' dir='ltr'>sol</span> <span class='ocrx_word' id='word_1_18' title='bbox 1472 366 1617 418; x_wconf 90' lang='lat' dir='ltr'>coelo</span> <span class='ocrx_word' id='word_1_19' title='bbox 1649 365 1889 430; x_wconf 76' lang='lat' dir='ltr'>cecidisse</span> <span class='ocrx_word' id='word_1_20' title='bbox 1919 366 2054 419; x_wconf 87' lang='lat' dir='ltr'>visus</span> 
     </span>
     <span class='ocr_line' id='line_1_4' title="bbox 148 441 2107 524; baseline 0.002 -24"><span class='ocrx_word' id='word_1_21' title='bbox 148 467 192 508; x_wconf 82' lang='lat'>15</span> <span class='ocrx_word' id='word_1_22' title='bbox 215 463 308 513; x_wconf 89' lang='lat' dir='ltr'>est,</span> <span class='ocrx_word' id='word_1_23' title='bbox 335 449 465 518; x_wconf 89' lang='lat' dir='ltr'>quid</span> <span class='ocrx_word' id='word_1_24' title='bbox 489 450 578 501; x_wconf 91' lang='lat' dir='ltr'>illo</span> <span class='ocrx_word' id='word_1_25' title='bbox 604 452 862 502; x_wconf 89' lang='lat' dir='ltr'>moriente</span> <span class='ocrx_word' id='word_1_26' title='bbox 886 450 1143 518; x_wconf 88' lang='lat' dir='ltr'>videatur,</span> <span class='ocrx_word' id='word_1_27' title='bbox 1170 453 1262 523; x_wconf 93' lang='lat' dir='ltr'>qui</span> <span class='ocrx_word' id='word_1_28' title='bbox 1288 467 1342 505; x_wconf 92' lang='lat' dir='ltr'>et</span> <span class='ocrx_word' id='word_1_29' title='bbox 1363 453 1516 523; x_wconf 56' lang='lat' dir='ltr'>{flato</span> <span class='ocrx_word' id='word_1_30' title='bbox 1542 441 1677 517; x_wconf 60' lang='lat' dir='ltr'>alten¹</span> <span class='ocrx_word' id='word_1_31' title='bbox 1695 453 1906 521; x_wconf 87' lang='lat' dir='ltr'>ingenio</span> <span class='ocrx_word' id='word_1_32' title='bbox 1930 452 2107 524; x_wconf 34' lang='lat' dir='ltr'>suits-¹</span> 
     </span>
    </p>

    <p class='ocr_par' dir='ltr' id='par_1_4' title="bbox 215 536 2055 608">
     <span class='ocr_line' id='line_1_5' title="bbox 215 536 2055 608; baseline 0.002 -23"><span class='ocrx_word' id='word_1_33' title='bbox 215 548 268 585; x_wconf 92' lang='lat' dir='ltr'>et</span> <span class='ocrx_word' id='word_1_34' title='bbox 290 554 470 603; x_wconf 88' lang='lat' dir='ltr'>regum</span> <span class='ocrx_word' id='word_1_35' title='bbox 494 536 622 586; x_wconf 92' lang='lat' dir='ltr'>nulli</span> <span class='ocrx_word' id='word_1_36' title='bbox 646 550 736 587; x_wconf 91' lang='lat' dir='ltr'>aut</span> <span class='ocrx_word' id='word_1_37' title='bbox 758 537 1009 605; x_wconf 84' lang='lat' dir='ltr'>sapientia</span> <span class='ocrx_word' id='word_1_38' title='bbox 1030 538 1284 591; x_wconf 91' lang='lat' dir='ltr'>secundus</span> <span class='ocrx_word' id='word_1_39' title='bbox 1307 553 1398 591; x_wconf 91' lang='lat' dir='ltr'>aut</span> <span class='ocrx_word' id='word_1_40' title='bbox 1419 539 1598 607; x_wconf 89' lang='lat' dir='ltr'>gloria,</span> <span class='ocrx_word' id='word_1_41' title='bbox 1621 539 1766 590; x_wconf 85' lang='lat' dir='ltr'>cuius</span> <span class='ocrx_word' id='word_1_42' title='bbox 1787 551 2055 608; x_wconf 87' lang='lat' dir='ltr'>praeterea</span> 
     </span>
    </p>

    <p class='ocr_par' dir='ltr' id='par_1_5' title="bbox 214 622 2095 693">
     <span class='ocr_line' id='line_1_6' title="bbox 214 622 2095 693; baseline 0.002 -22"><span class='ocrx_word' id='word_1_43' title='bbox 214 638 350 672; x_wconf 89' lang='lat' dir='ltr'>mors</span> <span class='ocrx_word' id='word_1_44' title='bbox 393 634 500 672; x_wconf 91' lang='lat' dir='ltr'>tam</span> <span class='ocrx_word' id='word_1_45' title='bbox 540 622 719 673; x_wconf 90' lang='lat' dir='ltr'>multis</span> <span class='ocrx_word' id='word_1_46' title='bbox 759 622 881 673; x_wconf 91' lang='lat' dir='ltr'>hinc</span> <span class='ocrx_word' id='word_1_47' title='bbox 920 623 1045 675; x_wconf 91' lang='lat' dir='ltr'>inde</span> <span class='ocrx_word' id='word_1_48' title='bbox 1083 625 1322 693; x_wconf 90' lang='lat' dir='ltr'>periculis</span> <span class='ocrx_word' id='word_1_49' title='bbox 1362 625 1499 676; x_wconf 89' lang='lat' dir='ltr'>viam</span> <span class='ocrx_word' id='word_1_50' title='bbox 1539 625 1711 676; x_wconf 79' lang='lat' dir='ltr'>fecit?</span> <span class='ocrx_word' id='word_1_51' title='bbox 1789 623 2055 676; x_wconf 86' lang='lat' dir='ltr'>Secundet</span> <span class='ocrx_word' id='word_1_52' title='bbox 2084 681 2095 693; x_wconf 88' lang='lat'><strong>.</strong></span> 
     </span>
    </p>

    <p class='ocr_par' dir='ltr' id='par_1_6' title="bbox 212 705 2054 780">
     <span class='ocr_line' id='line_1_7' title="bbox 212 705 2054 780; baseline 0.002 -23"><span class='ocrx_word' id='word_1_53' title='bbox 212 705 338 758; x_wconf 87' lang='lat' dir='ltr'>haec</span> <span class='ocrx_word' id='word_1_54' title='bbox 382 708 715 776; x_wconf 90' lang='lat' dir='ltr'>omnipotens</span> <span class='ocrx_word' id='word_1_55' title='bbox 759 709 903 760; x_wconf 89' lang='lat' dir='ltr'>Deus</span> <span class='ocrx_word' id='word_1_56' title='bbox 948 724 1001 761; x_wconf 90' lang='lat' dir='ltr'>et</span> <span class='ocrx_word' id='word_1_57' title='bbox 1044 710 1450 762; x_wconf 85' lang='lat' dir='ltr'>sollicitudinem</span> <span class='ocrx_word' id='word_1_58' title='bbox 1494 729 1663 762; x_wconf 85' lang='lat' dir='ltr'>meam</span> <span class='ocrx_word' id='word_1_59' title='bbox 1708 711 1849 780; x_wconf 90' lang='lat' dir='ltr'>piam</span> <span class='ocrx_word' id='word_1_60' title='bbox 1893 709 2054 778; x_wconf 88' lang='lat' dir='ltr'>magis</span> 
     </span>
    </p>

    <p class='ocr_par' dir='ltr' id='par_1_7' title="bbox 142 780 2053 950">
     <span class='ocr_line' id='line_1_8' title="bbox 213 780 2053 866; baseline 0.002 -23"><span class='ocrx_word' id='word_1_61' title='bbox 213 810 371 861; x_wconf 89' lang='lat' dir='ltr'>quam</span> <span class='ocrx_word' id='word_1_62' title='bbox 397 780 730 844; x_wconf 86' lang='lat' dir='ltr'>necessariam</span> <span class='ocrx_word' id='word_1_63' title='bbox 756 794 908 846; x_wconf 88' lang='lat' dir='ltr'>rebus</span> <span class='ocrx_word' id='word_1_64' title='bbox 933 795 1140 864; x_wconf 88' lang='lat' dir='ltr'>probet.</span> <span class='ocrx_word' id='word_1_65' title='bbox 1201 783 1275 848; x_wconf 84' lang='lat' dir='ltr'>At</span> <span class='ocrx_word' id='word_1_66' title='bbox 1300 810 1361 848; x_wconf 91' lang='lat' dir='ltr'>ut</span> <span class='ocrx_word' id='word_1_67' title='bbox 1387 797 1492 849; x_wconf 89' lang='lat' dir='ltr'>aliis</span> <span class='ocrx_word' id='word_1_68' title='bbox 1518 810 1709 849; x_wconf 85' lang='lat' dir='ltr'>cuncta</span> <span class='ocrx_word' id='word_1_69' title='bbox 1731 815 1886 866; x_wconf 88' lang='lat' dir='ltr'>supra</span> <span class='ocrx_word' id='word_1_70' title='bbox 1908 813 2053 866; x_wconf 89' lang='lat' dir='ltr'>spem</span> 
     </span>
     <span class='ocr_line' id='line_1_9' title="bbox 142 879 1459 950; baseline 0.002 -18"><span class='ocrx_word' id='word_1_71' title='bbox 142 904 190 932; x_wconf 88' lang='lat'>20</span> <span class='ocrx_word' id='word_1_72' title='bbox 216 879 475 943; x_wconf 90' lang='lat' dir='ltr'>eveniant,</span> <span class='ocrx_word' id='word_1_73' title='bbox 506 893 558 930; x_wconf 90' lang='lat' dir='ltr'>et</span> <span class='ocrx_word' id='word_1_74' title='bbox 587 893 757 931; x_wconf 89' lang='lat' dir='ltr'>metus</span> <span class='ocrx_word' id='word_1_75' title='bbox 784 880 882 931; x_wconf 88' lang='lat' dir='ltr'>iste</span> <span class='ocrx_word' id='word_1_76' title='bbox 908 900 1255 950; x_wconf 85' lang='lat' dir='ltr'>supervacuus</span> <span class='ocrx_word' id='word_1_77' title='bbox 1282 883 1459 934; x_wconf 81' lang='lat' dir='ltr'>fuerit.</span> 
     </span>
    </p>

    <p class='ocr_par' dir='ltr' id='par_1_8' title="bbox 211 963 2055 1294">
     <span class='ocr_line' id='line_1_10' title="bbox 280 963 2055 1038; baseline 0.003 -25"><span class='ocrx_word' id='word_1_78' title='bbox 280 963 420 1014; x_wconf 89' lang='lat' dir='ltr'>Mihi</span> <span class='ocrx_word' id='word_1_79' title='bbox 449 977 644 1028; x_wconf 90' lang='lat' dir='ltr'>tamen,</span> <span class='ocrx_word' id='word_1_80' title='bbox 672 965 852 1030; x_wconf 83' lang='lat' dir='ltr'>amice,</span> <span class='ocrx_word' id='word_1_81' title='bbox 880 967 994 1035; x_wconf 90' lang='lat' dir='ltr'>quis</span> <span class='ocrx_word' id='word_1_82' title='bbox 1021 967 1274 1032; x_wconf 90' lang='lat' dir='ltr'>consulet,</span> <span class='ocrx_word' id='word_1_83' title='bbox 1303 982 1394 1020; x_wconf 89' lang='lat' dir='ltr'>aut</span> <span class='ocrx_word' id='word_1_84' title='bbox 1420 969 1533 1038; x_wconf 90' lang='lat' dir='ltr'>quis</span> <span class='ocrx_word' id='word_1_85' title='bbox 1560 967 1860 1020; x_wconf 89' lang='lat' dir='ltr'>medebitur</span> <span class='ocrx_word' id='word_1_86' title='bbox 1886 966 2055 1019; x_wconf 90' lang='lat' dir='ltr'>dolori</span> 
     </span>
     <span class='ocr_line' id='line_1_11' title="bbox 211 1050 2054 1124; baseline 0.003 -25"><span class='ocrx_word' id='word_1_87' title='bbox 211 1067 330 1100; x_wconf 92' lang='lat' dir='ltr'>meo</span> <span class='ocrx_word' id='word_1_88' title='bbox 358 1053 375 1100; x_wconf 85' lang='lat'>?</span> <span class='ocrx_word' id='word_1_89' title='bbox 469 1050 571 1101; x_wconf 91' lang='lat' dir='ltr'>Cui</span> <span class='ocrx_word' id='word_1_90' title='bbox 626 1050 692 1101; x_wconf 92' lang='lat' dir='ltr'>de</span> <span class='ocrx_word' id='word_1_91' title='bbox 742 1064 917 1102; x_wconf 88' lang='lat' dir='ltr'>cetero</span> <span class='ocrx_word' id='word_1_92' title='bbox 959 1052 1202 1121; x_wconf 87' lang='lat' dir='ltr'>vigilabo,</span> <span class='ocrx_word' id='word_1_93' title='bbox 1247 1054 1331 1105; x_wconf 93' lang='lat' dir='ltr'>cui</span> <span class='ocrx_word' id='word_1_94' title='bbox 1381 1054 1913 1124; x_wconf 88' lang='lat' dir='ltr'>quantulumcunque</span> <span class='ocrx_word' id='word_1_95' title='bbox 1953 1053 2054 1105; x_wconf 90' lang='lat' dir='ltr'>hoc</span> 
     </span>
     <span class='ocr_line' id='line_1_12' title="bbox 211 1136 2050 1209; baseline 0.003 -24"><span class='ocrx_word' id='word_1_96' title='bbox 211 1136 479 1203; x_wconf 85' lang='lat' dir='ltr'>ingenium</span> <span class='ocrx_word' id='word_1_97' title='bbox 501 1150 591 1188; x_wconf 92' lang='lat' dir='ltr'>aut</span> <span class='ocrx_word' id='word_1_98' title='bbox 612 1137 848 1189; x_wconf 89' lang='lat' dir='ltr'>studium</span> <span class='ocrx_word' id='word_1_99' title='bbox 870 1139 1182 1191; x_wconf 87' lang='lat' dir='ltr'>consecrabo</span> <span class='ocrx_word' id='word_1_100' title='bbox 1206 1143 1222 1191; x_wconf 84' lang='lat'>?</span> <span class='ocrx_word' id='word_1_101' title='bbox 1278 1140 1407 1199; x_wconf 90' lang='lat' dir='ltr'>Quis</span> <span class='ocrx_word' id='word_1_102' title='bbox 1433 1159 1545 1209; x_wconf 89' lang='lat' dir='ltr'>spes</span> <span class='ocrx_word' id='word_1_103' title='bbox 1572 1139 1816 1208; x_wconf 89' lang='lat' dir='ltr'>collapsas</span> <span class='ocrx_word' id='word_1_104' title='bbox 1844 1139 2008 1208; x_wconf 86' lang='lat' dir='ltr'>eriget</span> <span class='ocrx_word' id='word_1_105' title='bbox 2033 1142 2050 1191; x_wconf 86' lang='lat'>?</span> 
     </span>
     <span class='ocr_line' id='line_1_13' title="bbox 211 1220 2053 1294; baseline 0.003 -24"><span class='ocrx_word' id='word_1_106' title='bbox 211 1220 339 1279; x_wconf 89' lang='lat' dir='ltr'>Quis</span> <span class='ocrx_word' id='word_1_107' title='bbox 365 1234 665 1290; x_wconf 84' lang='lat' dir='ltr'>torpentem</span> <span class='ocrx_word' id='word_1_108' title='bbox 689 1223 923 1275; x_wconf 89' lang='lat' dir='ltr'>animum</span> <span class='ocrx_word' id='word_1_109' title='bbox 949 1224 1201 1278; x_wconf 87' lang='lat' dir='ltr'>excitabit</span> <span class='ocrx_word' id='word_1_110' title='bbox 1229 1229 1246 1276; x_wconf 85' lang='lat'>?</span> <span class='ocrx_word' id='word_1_111' title='bbox 1308 1226 1455 1277; x_wconf 91' lang='lat' dir='ltr'>Duos</span> <span class='ocrx_word' id='word_1_112' title='bbox 1478 1225 1673 1294; x_wconf 91' lang='lat' dir='ltr'>ingenii</span> <span class='ocrx_word' id='word_1_113' title='bbox 1696 1224 1851 1276; x_wconf 89' lang='lat' dir='ltr'>duces</span> <span class='ocrx_word' id='word_1_114' title='bbox 1874 1224 2053 1289; x_wconf 88' lang='lat' dir='ltr'>habui,</span> 
     </span>
    </p>

    <p class='ocr_par' dir='ltr' id='par_1_9' title="bbox 140 1301 2055 1734">
     <span class='ocr_line' id='line_1_14' title="bbox 140 1301 2055 1381; baseline 0.001 -21"><span class='ocrx_word' id='word_1_115' title='bbox 140 1319 187 1360; x_wconf 86' lang='lat'>25</span> <span class='ocrx_word' id='word_1_116' title='bbox 211 1319 499 1378; x_wconf 89' lang='lat' dir='ltr'>utrumque</span> <span class='ocrx_word' id='word_1_117' title='bbox 529 1308 658 1359; x_wconf 93' lang='lat' dir='ltr'>mihi</span> <span class='ocrx_word' id='word_1_118' title='bbox 689 1328 852 1361; x_wconf 91' lang='lat' dir='ltr'>annus</span> <span class='ocrx_word' id='word_1_119' title='bbox 882 1309 968 1361; x_wconf 86' lang='lat' dir='ltr'>hic</span> <span class='ocrx_word' id='word_1_120' title='bbox 999 1310 1233 1376; x_wconf 85' lang='lat' dir='ltr'>abstulit,</span> <span class='ocrx_word' id='word_1_121' title='bbox 1265 1325 1318 1363; x_wconf 91' lang='lat' dir='ltr'>et</span> <span class='ocrx_word' id='word_1_122' title='bbox 1350 1311 1414 1363; x_wconf 90' lang='lat' dir='ltr'>de</span> <span class='ocrx_word' id='word_1_123' title='bbox 1435 1301 1608 1363; x_wconf 28' lang='lat' dir='ltr'>‘altero</span> <span class='ocrx_word' id='word_1_124' title='bbox 1637 1310 1853 1381; x_wconf 92' lang='lat' dir='ltr'>quidem</span> <span class='ocrx_word' id='word_1_125' title='bbox 1884 1329 2055 1380; x_wconf 90' lang='lat' dir='ltr'>nuper</span> 
     </span>
     <span class='ocr_line' id='line_1_15' title="bbox 211 1392 2051 1467; baseline 0.003 -24"><span class='ocrx_word' id='word_1_126' title='bbox 211 1392 338 1444; x_wconf 92' lang='lat' dir='ltr'>dum</span> <span class='ocrx_word' id='word_1_127' title='bbox 361 1393 530 1446; x_wconf 90' lang='lat' dir='ltr'>adhuc</span> <span class='ocrx_word' id='word_1_128' title='bbox 553 1414 711 1447; x_wconf 90' lang='lat' dir='ltr'>essem</span> <span class='ocrx_word' id='word_1_129' title='bbox 733 1397 788 1447; x_wconf 92' lang='lat' dir='ltr'>in</span> <span class='ocrx_word' id='word_1_130' title='bbox 811 1397 980 1462; x_wconf 89' lang='lat' dir='ltr'>Italia,</span> <span class='ocrx_word' id='word_1_131' title='bbox 1003 1397 1290 1467; x_wconf 90' lang='lat' dir='ltr'>utrobique</span> <span class='ocrx_word' id='word_1_132' title='bbox 1311 1412 1605 1450; x_wconf 89' lang='lat' dir='ltr'>consortem</span> <span class='ocrx_word' id='word_1_133' title='bbox 1625 1398 1779 1449; x_wconf 89' lang='lat' dir='ltr'>fletus</span> <span class='ocrx_word' id='word_1_134' title='bbox 1800 1396 2051 1453; x_wconf 90' lang='lat' dir='ltr'>idoneum</span> 
     </span>
     <span class='ocr_line' id='line_1_16' title="bbox 209 1482 2054 1554; baseline 0.002 -24"><span class='ocrx_word' id='word_1_135' title='bbox 209 1498 476 1548; x_wconf 88' lang='lat' dir='ltr'>quaerens,</span> <span class='ocrx_word' id='word_1_136' title='bbox 523 1495 702 1533; x_wconf 90' lang='lat' dir='ltr'>nostro</span> <span class='ocrx_word' id='word_1_137' title='bbox 754 1501 874 1534; x_wconf 90' lang='lat' dir='ltr'>cum</span> <span class='ocrx_word' id='word_1_138' title='bbox 927 1483 1106 1535; x_wconf 89' lang='lat' dir='ltr'>Laelio</span> <span class='ocrx_word' id='word_1_139' title='bbox 1157 1498 1369 1554; x_wconf 88' lang='lat' dir='ltr'>questus</span> <span class='ocrx_word' id='word_1_140' title='bbox 1421 1502 1567 1548; x_wconf 91' lang='lat' dir='ltr'>sum;</span> <span class='ocrx_word' id='word_1_141' title='bbox 1629 1483 1694 1535; x_wconf 90' lang='lat' dir='ltr'>de</span> <span class='ocrx_word' id='word_1_142' title='bbox 1743 1483 1844 1534; x_wconf 91' lang='lat' dir='ltr'>hoc</span> <span class='ocrx_word' id='word_1_143' title='bbox 1894 1482 2054 1534; x_wconf 90' lang='lat' dir='ltr'>hodie</span> 
     </span>
     <span class='ocr_line' id='line_1_17' title="bbox 211 1568 2051 1642; baseline 0.002 -26"><span class='ocrx_word' id='word_1_144' title='bbox 211 1579 386 1617; x_wconf 89' lang='lat' dir='ltr'>tecum</span> <span class='ocrx_word' id='word_1_145' title='bbox 415 1586 606 1636; x_wconf 89' lang='lat' dir='ltr'>queror</span> <span class='ocrx_word' id='word_1_146' title='bbox 632 1568 927 1639; x_wconf 87' lang='lat' dir='ltr'>querarque</span> <span class='ocrx_word' id='word_1_147' title='bbox 954 1569 1082 1621; x_wconf 92' lang='lat' dir='ltr'>dum</span> <span class='ocrx_word' id='word_1_148' title='bbox 1109 1571 1317 1635; x_wconf 84' lang='lat' dir='ltr'>vixero3</span> <span class='ocrx_word' id='word_1_149' title='bbox 1360 1584 1414 1622; x_wconf 88' lang='lat' dir='ltr'>et</span> <span class='ocrx_word' id='word_1_150' title='bbox 1441 1571 1534 1640; x_wconf 91' lang='lat' dir='ltr'>qui</span> <span class='ocrx_word' id='word_1_151' title='bbox 1559 1569 1710 1642; x_wconf 67' lang='lat' dir='ltr'>solari</span> <span class='ocrx_word' id='word_1_152' title='bbox 1737 1569 1859 1620; x_wconf 85' lang='lat' dir='ltr'>alios</span> <span class='ocrx_word' id='word_1_153' title='bbox 1885 1570 2051 1621; x_wconf 88' lang='lat' dir='ltr'>inter-</span> 
     </span>
     <span class='ocr_line' id='line_1_18' title="bbox 210 1651 2051 1734; baseline 0.002 -32"><span class='ocrx_word' id='word_1_154' title='bbox 210 1651 336 1703; x_wconf 93' lang='lat' dir='ltr'>dum</span> <span class='ocrx_word' id='word_1_155' title='bbox 361 1653 526 1730; x_wconf 52' lang='lat' dir='ltr'>ffileo,</span> <span class='ocrx_word' id='word_1_156' title='bbox 562 1673 703 1706; x_wconf 90' lang='lat' dir='ltr'>nunc</span> <span class='ocrx_word' id='word_1_157' title='bbox 737 1674 841 1725; x_wconf 92' lang='lat' dir='ltr'>qua</span> <span class='ocrx_word' id='word_1_158' title='bbox 874 1675 960 1707; x_wconf 92' lang='lat' dir='ltr'>me</span> <span class='ocrx_word' id='word_1_159' title='bbox 991 1657 1163 1726; x_wconf 92' lang='lat' dir='ltr'>ipsum</span> <span class='ocrx_word' id='word_1_160' title='bbox 1198 1657 1401 1709; x_wconf 88' lang='lat' dir='ltr'>ratione</span> <span class='ocrx_word' id='word_1_161' title='bbox 1433 1656 1516 1709; x_wconf 87' lang='lat' dir='ltr'>vel</span> <span class='ocrx_word' id='word_1_162' title='bbox 1548 1657 1786 1708; x_wconf 89' lang='lat' dir='ltr'>oratione</span> <span class='ocrx_word' id='word_1_163' title='bbox 1812 1655 2051 1734; x_wconf 61' lang='lat' dir='ltr'>gonsoler</span> 
     </span>
    </p>

    <p class='ocr_par' dir='ltr' id='par_1_10' title="bbox 137 1740 2052 2156">
     <span class='ocr_line' id='line_1_19' title="bbox 137 1740 2052 1813; baseline 0.002 -25"><span class='ocrx_word' id='word_1_164' title='bbox 137 1758 187 1797; x_wconf 84' lang='lat'>30</span> <span class='ocrx_word' id='word_1_165' title='bbox 210 1758 315 1790; x_wconf 92' lang='lat' dir='ltr'>non</span> <span class='ocrx_word' id='word_1_166' title='bbox 359 1740 585 1792; x_wconf 89' lang='lat' dir='ltr'>invenio.</span> <span class='ocrx_word' id='word_1_167' title='bbox 667 1742 809 1793; x_wconf 93' lang='lat' dir='ltr'>Hinc</span> <span class='ocrx_word' id='word_1_168' title='bbox 853 1762 976 1811; x_wconf 87' lang='lat' dir='ltr'>ergo</span> <span class='ocrx_word' id='word_1_169' title='bbox 1013 1743 1322 1813; x_wconf 59' lang='lat' dir='ltr'>gqnsolandi</span> <span class='ocrx_word' id='word_1_170' title='bbox 1368 1742 1678 1812; x_wconf 88' lang='lat' dir='ltr'>desperatio,</span> <span class='ocrx_word' id='word_1_171' title='bbox 1722 1742 1846 1793; x_wconf 80' lang='lat' dir='ltr'>hinc</span> <span class='ocrx_word' id='word_1_172' title='bbox 1888 1740 2052 1793; x_wconf 89' lang='lat' dir='ltr'>flendi</span> 
     </span>
     <span class='ocr_line' id='line_1_20' title="bbox 208 1824 2052 1897; baseline 0.002 -22"><span class='ocrx_word' id='word_1_173' title='bbox 208 1824 396 1893; x_wconf 89' lang='lat' dir='ltr'>pudor,</span> <span class='ocrx_word' id='word_1_174' title='bbox 437 1826 559 1877; x_wconf 90' lang='lat' dir='ltr'>hinc</span> <span class='ocrx_word' id='word_1_175' title='bbox 600 1826 665 1877; x_wconf 92' lang='lat' dir='ltr'>ad</span> <span class='ocrx_word' id='word_1_176' title='bbox 706 1828 1020 1881; x_wconf 89' lang='lat' dir='ltr'>utrumlibet</span> <span class='ocrx_word' id='word_1_177' title='bbox 1059 1829 1164 1881; x_wconf 87' lang='lat' dir='ltr'>stili</span> <span class='ocrx_word' id='word_1_178' title='bbox 1206 1829 1514 1894; x_wconf 89' lang='lat' dir='ltr'>diffidentia,</span> <span class='ocrx_word' id='word_1_179' title='bbox 1554 1828 1644 1880; x_wconf 87' lang='lat' dir='ltr'>sed</span> <span class='ocrx_word' id='word_1_180' title='bbox 1682 1847 1837 1897; x_wconf 90' lang='lat' dir='ltr'>supra</span> <span class='ocrx_word' id='word_1_181' title='bbox 1875 1828 2052 1879; x_wconf 92' lang='lat' dir='ltr'>omnia</span> 
     </span>
     <span class='ocr_line' id='line_1_21' title="bbox 209 1911 2049 1983; baseline 0.002 -22"><span class='ocrx_word' id='word_1_182' title='bbox 209 1911 346 1962; x_wconf 91' lang='lat' dir='ltr'>illico</span> <span class='ocrx_word' id='word_1_183' title='bbox 382 1925 435 1963; x_wconf 90' lang='lat' dir='ltr'>te</span> <span class='ocrx_word' id='word_1_184' title='bbox 467 1912 681 1964; x_wconf 89' lang='lat' dir='ltr'>videndi</span> <span class='ocrx_word' id='word_1_185' title='bbox 714 1933 825 1983; x_wconf 89' lang='lat' dir='ltr'>spes</span> <span class='ocrx_word' id='word_1_186' title='bbox 859 1914 1125 1966; x_wconf 84' lang='lat' dir='ltr'>silentium</span> <span class='ocrx_word' id='word_1_187' title='bbox 1160 1915 1326 1967; x_wconf 92' lang='lat' dir='ltr'>iubet.</span> <span class='ocrx_word' id='word_1_188' title='bbox 1395 1914 1612 1979; x_wconf 90' lang='lat' dir='ltr'>Parebo,</span> <span class='ocrx_word' id='word_1_189' title='bbox 1648 1928 1824 1966; x_wconf 90' lang='lat' dir='ltr'>tecum</span> <span class='ocrx_word' id='word_1_190' title='bbox 1859 1932 2049 1983; x_wconf 88' lang='lat' dir='ltr'>prope-</span> 
     </span>
     <span class='ocr_line' id='line_1_22' title="bbox 211 1996 2048 2064; baseline 0.002 -17"><span class='ocrx_word' id='word_1_191' title='bbox 211 1996 348 2048; x_wconf 89' lang='lat' dir='ltr'>diem</span> <span class='ocrx_word' id='word_1_192' title='bbox 375 1998 593 2050; x_wconf 86' lang='lat' dir='ltr'>fleturus</span> <span class='ocrx_word' id='word_1_193' title='bbox 622 2019 683 2050; x_wconf 88' lang='lat' dir='ltr'>ex</span> <span class='ocrx_word' id='word_1_194' title='bbox 711 2001 1008 2054; x_wconf 74' lang='lat' dir='ltr'>commodo,</span> <span class='ocrx_word' id='word_1_195' title='bbox 1072 2002 1217 2054; x_wconf 88' lang='lat' dir='ltr'>Haec</span> <span class='ocrx_word' id='word_1_196' title='bbox 1244 2003 1444 2054; x_wconf 88' lang='lat' dir='ltr'>interea</span> <span class='ocrx_word' id='word_1_197' title='bbox 1472 2001 1571 2055; x_wconf 90' lang='lat' dir='ltr'>tibi</span> <span class='ocrx_word' id='word_1_198' title='bbox 1596 2001 1723 2053; x_wconf 88' lang='lat' dir='ltr'>flens</span> <span class='ocrx_word' id='word_1_199' title='bbox 1751 1999 1818 2051; x_wconf 91' lang='lat' dir='ltr'>ad</span> <span class='ocrx_word' id='word_1_200' title='bbox 1843 2002 2048 2064; x_wconf 80' lang='lat' dir='ltr'>fontem</span> 
     </span>
     <span class='ocr_line' id='line_1_23' title="bbox 211 2083 2050 2156; baseline 0.002 -22"><span class='ocrx_word' id='word_1_201' title='bbox 211 2083 418 2152; x_wconf 89' lang='lat' dir='ltr'>Sorgiae</span> <span class='ocrx_word' id='word_1_202' title='bbox 448 2084 730 2151; x_wconf 90' lang='lat' dir='ltr'>dictabam,</span> <span class='ocrx_word' id='word_1_203' title='bbox 762 2100 950 2139; x_wconf 92' lang='lat' dir='ltr'>notum</span> <span class='ocrx_word' id='word_1_204' title='bbox 981 2088 1326 2156; x_wconf 88' lang='lat' dir='ltr'>procellarum</span> <span class='ocrx_word' id='word_1_205' title='bbox 1357 2088 1515 2139; x_wconf 85' lang='lat' dir='ltr'>animi</span> <span class='ocrx_word' id='word_1_206' title='bbox 1545 2088 1647 2139; x_wconf 89' lang='lat' dir='ltr'>mei</span> <span class='ocrx_word' id='word_1_207' title='bbox 1677 2101 1911 2156; x_wconf 90' lang='lat' dir='ltr'>portum,</span> <span class='ocrx_word' id='word_1_208' title='bbox 1942 2105 2050 2156; x_wconf 93' lang='lat' dir='ltr'>quo</span> 
     </span>
    </p>

    <p class='ocr_par' dir='ltr' id='par_1_11' title="bbox 137 2170 2049 2244">
     <span class='ocr_line' id='line_1_24' title="bbox 137 2170 2049 2244; baseline 0.002 -23"><span class='ocrx_word' id='word_1_209' title='bbox 137 2188 184 2228; x_wconf 85' lang='lat'>35</span> <span class='ocrx_word' id='word_1_210' title='bbox 207 2170 318 2221; x_wconf 91' lang='lat' dir='ltr'>heri</span> <span class='ocrx_word' id='word_1_211' title='bbox 340 2170 405 2222; x_wconf 85' lang='lat' dir='ltr'>ad</span> <span class='ocrx_word' id='word_1_212' title='bbox 425 2191 689 2241; x_wconf 90' lang='lat' dir='ltr'>vesperam</span> <span class='ocrx_word' id='word_1_213' title='bbox 711 2173 846 2224; x_wconf 90' lang='lat' dir='ltr'>solus</span> <span class='ocrx_word' id='word_1_214' title='bbox 866 2175 996 2242; x_wconf 81' lang='lat' dir='ltr'>fugi,</span> <span class='ocrx_word' id='word_1_215' title='bbox 1016 2193 1139 2238; x_wconf 57' lang='lat' dir='ltr'>,cum</span> <span class='ocrx_word' id='word_1_216' title='bbox 1161 2173 1574 2234; x_wconf 79' lang='lat' dir='ltr'>maneRhodani</span> <span class='ocrx_word' id='word_1_217' title='bbox 1596 2172 1661 2224; x_wconf 91' lang='lat' dir='ltr'>ad</span> <span class='ocrx_word' id='word_1_218' title='bbox 1681 2173 1849 2244; x_wconf 76' lang='lat' dir='ltr'>ripam</span> <span class='ocrx_word' id='word_1_219' title='bbox 1868 2190 2049 2224; x_wconf 90' lang='lat' dir='ltr'>rumor</span> 
     </span>
    </p>
   </div>
   <div class='ocr_carea' id='block_1_3' title="bbox 1412 2227 2057 2243">
    <p class='ocr_par' dir='ltr' id='par_1_12' title="bbox 1412 2227 2057 2243">
     <span class='ocr_line' id='line_1_25' title="bbox 1412 2227 2057 2243; baseline 0.006 -6"><span class='ocrx_word' id='word_1_220' title='bbox 1412 2235 1419 2238; x_wconf 71' lang='grc'>.,</span> <span class='ocrx_word' id='word_1_221' title='bbox 1429 2234 1462 2240; x_wconf 47' lang='lat'>„⁴-</span> <span class='ocrx_word' id='word_1_222' title='bbox 1468 2229 1701 2243; x_wconf 41' lang='lat' dir='ltr'>&gt;wat-&gt;W</span> <span class='ocrx_word' id='word_1_223' title='bbox 1756 2227 2057 2243; x_wconf 47' lang='lat'>,5⁴-4--›-;---’·-—‘—</span> 
     </span>
    </p>
   </div>
   <div class='ocr_carea' id='block_1_4' title="bbox 197 2257 2045 2334">
    <p class='ocr_par' dir='ltr' id='par_1_13' title="bbox 197 2257 2045 2334">
     <span class='ocr_line' id='line_1_26' title="bbox 197 2257 2045 2334; baseline 0.001 -26"><span class='ocrx_word' id='word_1_224' title='bbox 197 2258 683 2328; x_wconf 47' lang='lat' dir='ltr'>maestissimusme</span> <span class='ocrx_word' id='word_1_225' title='bbox 706 2260 1006 2334; x_wconf 44' lang='lat' dir='ltr'>‚inyenissen</span> <span class='ocrx_word' id='word_1_226' title='bbox 1036 2260 1204 2316; x_wconf 20' lang='lat' dir='ltr'>*Vale</span> <span class='ocrx_word' id='word_1_227' title='bbox 1259 2280 1363 2313; x_wconf 92' lang='lat'>1111.</span> <span class='ocrx_word' id='word_1_228' title='bbox 1391 2260 1650 2321; x_wconf 73' lang='lat' dir='ltr'>Kalendas</span> <span class='ocrx_word' id='word_1_229' title='bbox 1679 2259 1820 2311; x_wconf 88' lang='lat' dir='ltr'>Iunii</span> <span class='ocrx_word' id='word_1_230' title='bbox 1844 2257 2045 2328; x_wconf 63' lang='lat'>[1343]</span> 
     </span>
    </p>
   </div>
   <div class='ocr_carea' id='block_1_5' title="bbox 883 2320 997 2331">
    <p class='ocr_par' dir='ltr' id='par_1_14' title="bbox 859 2320 997 2332">
     <span class='ocr_line' id='line_1_27' title="bbox 883 2320 997 2331; baseline 0 -3"><span class='ocrx_word' id='word_1_231' title='bbox 859 2320 997 2332; x_wconf 45' lang='lat' dir='ltr'>‚fluv-</span> 
     </span>
    </p>
   </div>
   <div class='ocr_carea' id='block_1_6' title="bbox 442 2469 1806 2549">
    <p class='ocr_par' dir='ltr' id='par_1_15' title="bbox 442 2469 1806 2549">
     <span class='ocr_line' id='line_1_28' title="bbox 442 2469 1806 2549; baseline 0.003 -22"><span class='ocrx_word' id='word_1_232' title='bbox 442 2469 695 2529; x_wconf 81' lang='lat' dir='ltr'>Iohanni</span> <span class='ocrx_word' id='word_1_233' title='bbox 727 2472 1396 2532; x_wconf 80' lang='lat' dir='ltr'>ColumnaeCardinali.</span> <span class='ocrx_word' id='word_1_234' title='bbox 1468 2473 1631 2532; x_wconf 85' lang='lat' dir='ltr'>Fam.</span> <span class='ocrx_word' id='word_1_235' title='bbox 1665 2496 1719 2532; x_wconf 90' lang='lat' dir='ltr'>v.</span> <span class='ocrx_word' id='word_1_236' title='bbox 1751 2489 1806 2549; x_wconf 80' lang='lat'>3.</span> 
     </span>
    </p>
   </div>
   <div class='ocr_carea' id='block_1_7' title="bbox 161 2592 2126 3184">
    <p class='ocr_par' dir='ltr' id='par_1_16' title="bbox 161 2592 2126 3184">
     <span class='ocr_line' id='line_1_29' title="bbox 210 2592 2047 2722; baseline 0.003 -79"><span class='ocrx_word' id='word_1_237' title='bbox 210 2592 388 2722; x_wconf 80' lang='lat' dir='ltr'>VT</span> <span class='ocrx_word' id='word_1_238' title='bbox 414 2592 571 2644; x_wconf 87' lang='lat' dir='ltr'>fidem</span> <span class='ocrx_word' id='word_1_239' title='bbox 599 2596 907 2662; x_wconf 83' lang='lat' dir='ltr'>frangerem,</span> <span class='ocrx_word' id='word_1_240' title='bbox 932 2610 984 2647; x_wconf 88' lang='lat' dir='ltr'>et</span> <span class='ocrx_word' id='word_1_241' title='bbox 1010 2596 1106 2647; x_wconf 92' lang='lat' dir='ltr'>tibi</span> <span class='ocrx_word' id='word_1_242' title='bbox 1134 2596 1265 2648; x_wconf 92' lang='lat' dir='ltr'>utile</span> <span class='ocrx_word' id='word_1_243' title='bbox 1286 2610 1339 2648; x_wconf 91' lang='lat' dir='ltr'>et</span> <span class='ocrx_word' id='word_1_244' title='bbox 1361 2597 1490 2648; x_wconf 89' lang='lat' dir='ltr'>mihi</span> <span class='ocrx_word' id='word_1_245' title='bbox 1516 2616 1680 2666; x_wconf 90' lang='lat' dir='ltr'>prope</span> <span class='ocrx_word' id='word_1_246' title='bbox 1706 2598 2047 2650; x_wconf 90' lang='lat' dir='ltr'>necessarium</span> 
     </span>
     <span class='ocr_line' id='line_1_30' title="bbox 337 2678 2126 2752; baseline 0.004 -23"><span class='ocrx_word' id='word_1_247' title='bbox 337 2679 456 2730; x_wconf 85' lang='lat' dir='ltr'>fuit.</span> <span class='ocrx_word' id='word_1_248' title='bbox 529 2680 794 2732; x_wconf 87' lang='lat' dir='ltr'>Pollicitus</span> <span class='ocrx_word' id='word_1_249' title='bbox 838 2701 923 2732; x_wconf 93' lang='lat' dir='ltr'>me</span> <span class='ocrx_word' id='word_1_250' title='bbox 968 2683 1234 2734; x_wconf 90' lang='lat' dir='ltr'>maritimo</span> <span class='ocrx_word' id='word_1_251' title='bbox 1279 2684 1466 2735; x_wconf 89' lang='lat' dir='ltr'>itinere</span> <span class='ocrx_word' id='word_1_252' title='bbox 1515 2686 1895 2752; x_wconf 76' lang='lat' dir='ltr'>profecturum,</span> <span class='ocrx_word' id='word_1_253' title='bbox 1939 2704 2047 2737; x_wconf 91' lang='lat' dir='ltr'>non</span> <span class='ocrx_word' id='word_1_254' title='bbox 2124 2678 2126 2682; x_wconf 36' lang='lat'>⁸</span> 
     </span>
     <span class='ocr_line' id='line_1_31' title="bbox 210 2764 2046 2844; baseline 0.005 -30"><span class='ocrx_word' id='word_1_255' title='bbox 210 2764 359 2815; x_wconf 88' lang='lat' dir='ltr'>aliam</span> <span class='ocrx_word' id='word_1_256' title='bbox 390 2764 457 2815; x_wconf 94' lang='lat' dir='ltr'>ob</span> <span class='ocrx_word' id='word_1_257' title='bbox 489 2784 691 2816; x_wconf 89' lang='lat' dir='ltr'>causam</span> <span class='ocrx_word' id='word_1_258' title='bbox 724 2767 818 2818; x_wconf 91' lang='lat' dir='ltr'>nisi</span> <span class='ocrx_word' id='word_1_259' title='bbox 849 2769 971 2837; x_wconf 91' lang='lat' dir='ltr'>quia</span> <span class='ocrx_word' id='word_1_260' title='bbox 999 2769 1156 2838; x_wconf 92' lang='lat' dir='ltr'>vulgo</span> <span class='ocrx_word' id='word_1_261' title='bbox 1186 2770 1287 2821; x_wconf 90' lang='lat' dir='ltr'>iam</span> <span class='ocrx_word' id='word_1_262' title='bbox 1319 2788 1616 2839; x_wconf 87' lang='lat' dir='ltr'>persuasum</span> <span class='ocrx_word' id='word_1_263' title='bbox 1647 2784 1723 2821; x_wconf 90' lang='lat' dir='ltr'>est</span> <span class='ocrx_word' id='word_1_264' title='bbox 1738 2770 2046 2844; x_wconf 59' lang='lat' dir='ltr'>fxpeditius</span> 
     </span>
     <span class='ocr_line' id='line_1_32' title="bbox 178 2843 2044 2926; baseline 0.004 -27"><span class='ocrx_word' id='word_1_265' title='bbox 178 2869 267 2925; x_wconf 72' lang='lat' dir='ltr'>¹ac</span> <span class='ocrx_word' id='word_1_266' title='bbox 308 2850 459 2902; x_wconf 90' lang='lat' dir='ltr'>citius</span> <span class='ocrx_word' id='word_1_267' title='bbox 501 2851 563 2901; x_wconf 91' lang='lat' dir='ltr'>iri</span> <span class='ocrx_word' id='word_1_268' title='bbox 605 2852 787 2920; x_wconf 89' lang='lat' dir='ltr'>pelago</span> <span class='ocrx_word' id='word_1_269' title='bbox 828 2872 985 2923; x_wconf 89' lang='lat' dir='ltr'>quam</span> <span class='ocrx_word' id='word_1_270' title='bbox 1030 2855 1195 2919; x_wconf 89' lang='lat' dir='ltr'>terris,</span> <span class='ocrx_word' id='word_1_271' title='bbox 1238 2856 1411 2907; x_wconf 91' lang='lat' dir='ltr'>navim</span> <span class='ocrx_word' id='word_1_272' title='bbox 1453 2843 2044 2926; x_wconf 42' lang='lat' dir='ltr'>conscenderaff‘apud</span> 
     </span>
     <span class='ocr_line' id='line_1_33' title="bbox 161 2922 2042 3014; baseline 0.002 -24"><span class='ocrx_word' id='word_1_273' title='bbox 161 2922 468 2990; x_wconf 34' lang='lat' dir='ltr'>S-Nicaeam</span> <span class='ocrx_word' id='word_1_274' title='bbox 492 2936 633 3001; x_wconf 90' lang='lat' dir='ltr'>Vari,</span> <span class='ocrx_word' id='word_1_275' title='bbox 670 2957 803 3007; x_wconf 87' lang='lat' dir='ltr'>quae</span> <span class='ocrx_word' id='word_1_276' title='bbox 839 2940 1007 3008; x_wconf 88' lang='lat' dir='ltr'>prima</span> <span class='ocrx_word' id='word_1_277' title='bbox 1044 2941 1344 2992; x_wconf 88' lang='lat' dir='ltr'>Italicarum</span> <span class='ocrx_word' id='word_1_278' title='bbox 1382 2940 1591 2992; x_wconf 90' lang='lat' dir='ltr'>urbium</span> <span class='ocrx_word' id='word_1_279' title='bbox 1629 2941 1692 2992; x_wconf 91' lang='lat' dir='ltr'>ab</span> <span class='ocrx_word' id='word_1_280' title='bbox 1729 2961 1911 2994; x_wconf 88' lang='lat' dir='ltr'>occasu</span> <span class='ocrx_word' id='word_1_281' title='bbox 1948 2956 2042 3014; x_wconf 87' lang='lat' dir='ltr'>est,</span> 
     </span>
     <span class='ocr_line' id='line_1_34' title="bbox 209 3021 2043 3095; baseline 0.004 -23"><span class='ocrx_word' id='word_1_282' title='bbox 209 3035 262 3072; x_wconf 89' lang='lat' dir='ltr'>et</span> <span class='ocrx_word' id='word_1_283' title='bbox 292 3021 356 3072; x_wconf 92' lang='lat' dir='ltr'>ad</span> <span class='ocrx_word' id='word_1_284' title='bbox 385 3023 634 3074; x_wconf 90' lang='lat' dir='ltr'>Monoeci</span> <span class='ocrx_word' id='word_1_285' title='bbox 663 3037 877 3092; x_wconf 91' lang='lat' dir='ltr'>portum</span> <span class='ocrx_word' id='word_1_286' title='bbox 908 3025 1052 3076; x_wconf 89' lang='lat' dir='ltr'>coelo</span> <span class='ocrx_word' id='word_1_287' title='bbox 1081 3026 1183 3077; x_wconf 89' lang='lat' dir='ltr'>iam</span> <span class='ocrx_word' id='word_1_288' title='bbox 1213 3026 1452 3078; x_wconf 89' lang='lat' dir='ltr'>stellante</span> <span class='ocrx_word' id='word_1_289' title='bbox 1479 3046 1833 3095; x_wconf 88' lang='lat' dir='ltr'>perveneram.</span> <span class='ocrx_word' id='word_1_290' title='bbox 1888 3027 2043 3080; x_wconf 88' lang='lat' dir='ltr'>Irasci</span> 
     </span>
     <span class='ocr_line' id='line_1_35' title="bbox 210 3107 2043 3184; baseline 0.005 -26"><span class='ocrx_word' id='word_1_291' title='bbox 210 3107 397 3159; x_wconf 89' lang='lat' dir='ltr'>tacitus</span> <span class='ocrx_word' id='word_1_292' title='bbox 436 3108 599 3177; x_wconf 89' lang='lat' dir='ltr'>coepi.</span> <span class='ocrx_word' id='word_1_293' title='bbox 676 3109 814 3160; x_wconf 90' lang='lat' dir='ltr'>Nam</span> <span class='ocrx_word' id='word_1_294' title='bbox 853 3110 957 3161; x_wconf 88' lang='lat' dir='ltr'>illic</span> <span class='ocrx_word' id='word_1_295' title='bbox 997 3110 1080 3163; x_wconf 85' lang='lat' dir='ltr'>die</span> <span class='ocrx_word' id='word_1_296' title='bbox 1119 3126 1328 3181; x_wconf 90' lang='lat' dir='ltr'>postero</span> <span class='ocrx_word' id='word_1_297' title='bbox 1365 3112 1518 3165; x_wconf 89' lang='lat' dir='ltr'>inviti</span> <span class='ocrx_word' id='word_1_298' title='bbox 1557 3114 1853 3178; x_wconf 77' lang='lat' dir='ltr'>mansimuS,</span> <span class='ocrx_word' id='word_1_299' title='bbox 1892 3132 2043 3184; x_wconf 87' lang='lat' dir='ltr'>saepe</span> 
     </span>
    </p>
   </div>
   <div class='ocr_carea' id='block_1_8' title="bbox 207 3192 2039 3270">
    <p class='ocr_par' dir='ltr' id='par_1_17' title="bbox 207 3192 2039 3270">
     <span class='ocr_line' id='line_1_36' title="bbox 207 3192 2039 3270; baseline 0.004 -25"><span class='ocrx_word' id='word_1_300' title='bbox 207 3193 565 3263; x_wconf 89' lang='lat' dir='ltr'>nequidquam</span> <span class='ocrx_word' id='word_1_301' title='bbox 612 3209 876 3247; x_wconf 89' lang='lat' dir='ltr'>retentato</span> <span class='ocrx_word' id='word_1_302' title='bbox 922 3197 1104 3263; x_wconf 84' lang='lat' dir='ltr'>abitu3</span> <span class='ocrx_word' id='word_1_303' title='bbox 1170 3197 1420 3268; x_wconf 88' lang='lat' dir='ltr'>postridie</span> <span class='ocrx_word' id='word_1_304' title='bbox 1466 3192 1681 3268; x_wconf 70' lang='lat' dir='ltr'>ancipiti</span> <span class='ocrx_word' id='word_1_305' title='bbox 1728 3214 2039 3270; x_wconf 86' lang='lat' dir='ltr'>tempestate</span> 
     </span>
    </p>
   </div>
   <div class='ocr_carea' id='block_1_9' title="bbox 1933 2838 2093 2851">
    <p class='ocr_par' dir='ltr' id='par_1_18' title="bbox 1933 2838 2093 2851">
     <span class='ocr_line' id='line_1_37' title="bbox 1933 2838 2093 2851; baseline 0 749"><span class='ocrx_word' id='word_1_306' title='bbox 1933 2838 2093 2851; x_wconf 95' lang='lat' dir='ltr'> </span> 
     </span>
    </p>
   </div>
  </div>
 </body>
</html>
