2242 3600
193 196 286 250 140
373 180 945 247 TALARANDO,
1002 180 1501 234 ALBANENSI
1555 181 1984 237 EPISCOPO

186 309 314 361 dum
347 323 407 362 tu
439 328 523 361 me
554 309 936 361 valedicturum
967 310 1079 379 ipso
1111 309 1269 361 etiam
1301 307 1511 361 volente
1543 310 1731 362 ducere
1761 309 2020 374 voluisseS,

185 394 362 460 abnui,
396 415 461 447 ne
492 409 582 447 aut
600 395 689 461 illi
721 396 1063 465 mea-magica
1095 408 1186 447 aut
1218 394 1357 448 mihi'
1379 388 1902 459 molestalcredulitas
1931 414 2022 447 sua

185 495 331 533 esset.
403 481 507 533 Scis
541 501 625 533 me
657 500 839 533 verum
870 480 1034 551 loqui,
1070 495 1228 551 teque
1262 501 1366 534 non
1398 472 1556 533 semel
1591 483 1781 534 frustra
1822 482 2020 546 nixum,

186 586 253 619 ne
276 567 558 619 insalutato
583 567 674 619 illo
699 568 1065 637 proficiscerer.

113 681 162 723 45
253 654 334 705 En
373 653 502 723 quid
543 654 672 705 mih1
711 673 965 706 venenosa
1004 675 1104 707 vox
1144 654 1371 707 contulit
1411 655 1561 706 unius
1601 655 1716 720 viri,
1747 654 1840 707 *cui
1881 653 2022 707 nulla

184 738 399 808 quidem
424 740 479 790 in
504 757 588 790 me
602 739 719 799 ,Qdii
745 740 878 791 ratio
903 754 1012 792 erat
1038 742 1048 792 !
1111 740 1213 792 Sed
1237 741 1345 792 sine
1369 760 1517 792 causa
1542 740 1671 792 nihil
1696 741 1757 792 fit
1779 761 1793 805 ;
1839 740 2023 793 oderat

182 825 269 876 ille
302 844 385 876 me
418 844 523 876 non
555 838 772 895 propter
804 844 888 877 me
920 826 1152 895 quidem,
1185 826 1274 878 sed
1306 840 1522 897 propter
1536 826 1720 902 illum,
1753 827 1838 878 cui
1869 826 2020 878 fami-

181 910 509 962 liarissimum
548 930 632 963 me
667 912 821 964 fuisse
857 913 1184 977 meminerat,
1222 927 1438 983 propter
1475 932 1632 983 quem
1670 927 1724 965 et
1762 926 1815 965 te
1850 913 2022 983 ipsum

186 996 404 1061 oderat;
454 996 544 1048 sed
572 997 681 1063 odii
708 997 806 1049 sibi
837 999 1067 1050 conscius
1096 999 1276 1050 iniusti
1307 1018 1424 1068 erga
1450 1012 1738 1069 utrumque
1763 1012 2020 1063 nostrum,

115 1113 164 1154 50
183 1082 455 1135 simulator
488 1083 699 1135 callidus
734 1084 1017 1136 amicitiam
1051 1084 1281 1153 fingebat
1315 1086 1461 1152 (nota
1496 1084 1593 1136 tibi
1626 1080 2021 1151 commemoro),

184 1169 317 1220 sicut
339 1169 546 1239 sepulto
567 1169 660 1234 illi,
683 1170 839 1239 ipsius
863 1190 957 1222 nec
978 1171 1169 1222 lenitus
1192 1184 1379 1235 morte,
1403 1171 1521 1240 ipsis
1545 1170 1741 1223 bellum
1764 1169 2021 1223 cineribus

184 1255 459 1307 indixerat.
522 1256 570 1307 O
596 1256 753 1308 tristis
780 1269 833 1307 et
858 1275 1006 1308 caeca
1031 1256 1192 1308 rabies
1218 1257 1394 1322 ani-mi,
1420 1257 1754 1326 propagatrix
1777 1254 2021 1326 pestilens

185 1341 463 1393 odiorum!
539 1341 700 1394 Certe
735 1342 775 1394 si
812 1342 1048 1394 inimicos
1089 1342 1301 1411 diligere
1339 1342 1604 1395 dominico
1640 1342 1883 1395 iubemur
1919 1342 2018 1394 im-

185 1428 348 1496 perio,
382 1427 511 1497 quid
541 1428 600 1479 iis
632 1428 724 1480 fiet
756 1428 944 1498 quibus
975 1429 1211 1480 inimicos
1243 1429 1400 1481 etiam
1434 1429 1689 1481 extinctos
1711 1428 1885 1505 gdisse
1916 1447 2023 1480 non

115 1544 161 1586 55
184 1513 393 1579 sufficit,
418 1514 512 1565 nisi
540 1514 728 1566 amicos
750 1514 959 1566 illorum
988 1534 1165 1567 omnes
1191 1515 1476 1568 immortali
1492 1515 1626 1587 odio
1646 1515 2019 1585 insequantur?

187 1599 304 1653 Sive
344 1597 520 1652 autem
558 1600 709 1653 vivax
745 1600 946 1671 odium,
985 1602 1091 1653 sive
1128 1601 1300 1671 pudor
1338 1602 1580 1654 mutandi
1618 1600 1763 1672 quod
1801 1601 2020 1666 dixerat,
2089 1636 2092 1638 v

186 1706 334 1739 causa
385 1700 532 1752 esset,
583 1687 967 1756 suggestionem
1017 1687 1150 1739 hanc
1201 1687 1330 1740 aluit
1382 1688 1509 1740 dum
1557 1688 1707 1754 vixit,
1759 1701 1812 1740 et
1862 1704 2021 1758 quam

185 1773 512 1844 plantaverat
542 1774 792 1843 irrigavit.
867 1774 1074 1827 Gratias
1108 1775 1244 1841 Deo,
1277 1776 1422 1845 quod
1452 1774 1784 1827 mendacium
1814 1774 2020 1840 veritas,

186 1879 322 1912 mors
349 1859 654 1912 mendacem
678 1861 822 1913 vicit.

117 1968 165 2007 60
255 1947 380 1998 Non
425 1946 592 1998 credit
637 1948 877 2016 profecto
922 1966 1134 2016 magum
1177 1947 1438 2013 Pontifex,
1484 1966 1642 2018 quem
1685 1947 2019 2000 secretarium

185 2033 319 2098 vult,
364 2052 458 2084 nec
501 2032 722 2085 scelestis
766 2052 977 2103 operam
1022 2032 1144 2085 dare
1187 2033 1516 2100 carminibus,
1561 2052 1718 2104 quem
1761 2033 2020 2085 interioris

187 2118 405 2172 thalami
424 2138 610 2171 arcano
629 2118 846 2188 dignum
865 2133 918 2172 et
933 2120 1084 2172 sacris
1103 2133 1287 2190 aptum
1305 2133 1479 2172 censet
1497 2119 1740 2189 epistoliS.
1799 2119 2019 2188 Magnas

183 2206 281 2258 sibi
313 2225 408 2276 pro
442 2206 599 2258 tantis
631 2206 914 2259 honoribus
948 2226 1041 2259 nec
1074 2207 1296 2259 minores
1329 2226 1424 2277 pro
1458 2206 1548 2258 tali
1581 2225 1751 2259 errore
1783 2204 2022 2276 deposito

150 2359 153 2362 ῃ
186 2306 354 2362 grates
382 2312 510 2361 ago;
544 2293 640 2344 etsi
657 2293 797 2345 enim
825 2293 1157 2363 opinionibus
1179 2293 1316 2362 vagis
1344 2313 1401 2345 ac
1427 2292 1560 2345 falsis
1588 2293 1735 2363 quati
1757 2305 2022 2363 nequeant

118 2402 167 2453 55
188 2393 482 2431 constantes
515 2379 691 2444 animi,
722 2380 830 2431 sine
860 2379 1089 2450 quodam
1121 2393 1298 2432 tamen
1327 2398 1516 2449 angore
1545 2398 1652 2431 non
1679 2380 1851 2431 fuerat
1880 2377 2022 2449 apud

188 2466 421 2518 animum
453 2484 629 2517 meum
660 2465 783 2518 falsa
811 2465 935 2518 licet
967 2466 1145 2536 opinio
1178 2466 1312 2518 tanti
1342 2466 1475 2531 viri3
1527 2463 1697 2536 neque
1727 2465 1834 2518 ullo
1864 2478 2022 2538 pacto

187 2552 345 2605 velim
381 2551 685 2604 diuturnam
721 2551 850 2604 adeo
884 2552 1056 2617 fuisse,
1092 2566 1153 2604 ut
1195 2552 1260 2604 de
1302 2571 1386 2604 me
1426 2550 1548 2604 talia
1583 2551 1897 2622 sentientem
1937 2549 2019 2604 vel

188 2657 303 2690 mea
337 2637 486 2689 illum
522 2637 604 2690 vel
639 2657 727 2690 sua
765 2637 870 2690 dies
907 2637 1093 2690 ultima
1127 2638 1405 2691 inventura
1440 2637 1615 2690 fuerit.
1690 2637 1807 2702 Scio
1843 2651 2020 2690 autem

187 2725 473 2796 exspectari
513 2744 814 2794 responsum
855 2743 1049 2790 meum,
1091 2739 1144 2777 et
1183 2725 1416 2802 quamvis
1455 2718 1810 2776 humilitatem
1850 2742 2020 2776 meam

120 2839 168 2879 70
185 2811 329 2864 illinc
359 2825 412 2863 et
439 2811 705 2863 Pontificis
733 2811 896 2881 pietas
926 2825 979 2864 et
1009 2825 1099 2864 tua
1126 2811 1420 2864 humanitas
1449 2825 1503 2864 et
1531 2810 1818 2863 amicorum
1845 2828 2021 2881 preces

189 2913 241 2952 et
268 2898 513 2951 lacrimae
543 2897 881 2950 vehementer
913 2897 1141 2964 trahant,
1173 2898 1295 2950 hinc
1326 2915 1563 2950 meorum
1594 2895 1803 2949 consilia
1832 2894 2018 2967 impel-

183 2985 316 3051 lant,
353 2985 480 3037 fixus
517 2998 694 3036 tamen
729 2984 784 3035 in
818 2984 1087 3053 proposito
1122 2984 1293 3054 primo
1325 3003 1439 3036 sum
1469 3025 1481 3037 .
1511 3025 1522 3036 .
1554 3025 1565 3036 .
1596 2985 1666 3056 [T
1668 2985 1728 3038 he
1762 2984 1950 3054 Bishop
1975 2984 2021 3037 is

188 3072 489 3144 acquainted
518 3071 639 3125 with
672 3073 757 3124 P's
788 3071 1011 3141 desires]
1088 3070 1362 3122 Excusabis
1403 3089 1486 3122 me
1525 3071 1718 3125 iterum
1756 3068 2018 3134 Pontifici,

190 3179 254 3211 ne
293 3157 438 3228 quod
477 3156 761 3209 modestiae
806 3171 882 3208 est
932 3156 1237 3209 insolentiae
1289 3156 1568 3210 tribuatur.
1664 3155 1823 3216 Quod
1869 3174 2027 3226 saepe.

122 3272 166 3313 75
190 3265 272 3297 me
315 3243 627 3309 honestavit,
667 3256 820 3295 tuum
859 3242 1018 3295 modo
1060 3261 1144 3295 me
1187 3242 1434 3295 defendat
1480 3242 1764 3313 eloquium.
1829 3242 2017 3294 Nomi-
