<?xml version="1.0" encoding="UTF-8"?>
<!DOCTYPE html PUBLIC "-//W3C//DTD XHTML 1.0 Transitional//EN"
    "http://www.w3.org/TR/xhtml1/DTD/xhtml1-transitional.dtd">
<html xmlns="http://www.w3.org/1999/xhtml" xml:lang="en" lang="en">
 <head>
  <title>
</title>
<meta http-equiv="Content-Type" content="text/html;charset=utf-8" />
  <meta name='ocr-system' content='tesseract 3.04.00' />
  <meta name='ocr-capabilities' content='ocr_page ocr_carea ocr_par ocr_line ocrx_word'/>
</head>
<body>
  <div class='ocr_page' id='page_1' title='image "./epistolaeselecta00petruoft_0055.png"; bbox 0 0 2242 3600; ppageno 0'>
   <div class='ocr_carea' id='block_1_1' title="bbox 304 172 2004 250">
    <p class='ocr_par' dir='ltr' id='par_1_1' title="bbox 304 172 2004 250">
     <span class='ocr_line' id='line_1_1' title="bbox 304 172 2004 250; baseline -0.002 -16"><span class='ocrx_word' id='word_1_1' title='bbox 304 178 704 234; x_wconf 92' lang='lat' dir='ltr'>IOHANNI</span> <span class='ocrx_word' id='word_1_2' title='bbox 762 178 1263 233; x_wconf 91' lang='lat' dir='ltr'>COLVMNAE</span> <span class='ocrx_word' id='word_1_3' title='bbox 1319 180 1368 232; x_wconf 93' lang='lat' dir='ltr'><strong>A</strong></span> <span class='ocrx_word' id='word_1_4' title='bbox 1421 179 1584 232; x_wconf 92' lang='lat' dir='ltr'>SAN</span> <span class='ocrx_word' id='word_1_5' title='bbox 1631 172 1854 232; x_wconf 83' lang='lat' dir='ltr'>&#39;VITO</span> <span class='ocrx_word' id='word_1_6' title='bbox 1940 196 2004 250; x_wconf 87' lang='lat'>39</span> 
     </span>
    </p>
   </div>
   <div class='ocr_carea' id='block_1_2' title="bbox 102 309 2079 3331">
    <p class='ocr_par' dir='ltr' id='par_1_2' title="bbox 102 309 2077 2026">
     <span class='ocr_line' id='line_1_2' title="bbox 156 309 2002 380; baseline 0.001 -18"><span class='ocrx_word' id='word_1_7' title='bbox 156 310 387 362; x_wconf 89' lang='lat' dir='ltr'>occurrit</span> <span class='ocrx_word' id='word_1_8' title='bbox 429 310 572 380; x_wconf 92' lang='lat' dir='ltr'>apud</span> <span class='ocrx_word' id='word_1_9' title='bbox 615 329 717 374; x_wconf 87' lang='lat' dir='ltr'>eos,</span> <span class='ocrx_word' id='word_1_10' title='bbox 763 309 908 380; x_wconf 91' lang='lat' dir='ltr'>quod</span> <span class='ocrx_word' id='word_1_11' title='bbox 950 330 1101 375; x_wconf 57' lang='lat' dir='ltr'>xerae</span> <span class='ocrx_word' id='word_1_12' title='bbox 1144 330 1202 362; x_wconf 89' lang='lat' dir='ltr'>ac</span> <span class='ocrx_word' id='word_1_13' title='bbox 1248 310 1518 362; x_wconf 90' lang='lat' dir='ltr'>beatificae</span> <span class='ocrx_word' id='word_1_14' title='bbox 1561 310 1684 362; x_wconf 88' lang='lat' dir='ltr'>fidei</span> <span class='ocrx_word' id='word_1_15' title='bbox 1728 312 2002 364; x_wconf 90' lang='lat' dir='ltr'>adversum</span> 
     </span>
     <span class='ocr_line' id='line_1_3' title="bbox 156 395 2003 467; baseline 0.001 -19"><span class='ocrx_word' id='word_1_16' title='bbox 156 410 523 466; x_wconf 87' lang='lat' dir='ltr'>suspectumve</span> <span class='ocrx_word' id='word_1_17' title='bbox 566 397 649 448; x_wconf 93' lang='lat' dir='ltr'>sit.</span> <span class='ocrx_word' id='word_1_18' title='bbox 732 397 815 448; x_wconf 93' lang='lat' dir='ltr'>Ita</span> <span class='ocrx_word' id='word_1_19' title='bbox 861 395 1001 447; x_wconf 90' lang='lat' dir='ltr'>enim</span> <span class='ocrx_word' id='word_1_20' title='bbox 1047 396 1479 467; x_wconf 89' lang='lat' dir='ltr'>philosophorum</span> <span class='ocrx_word' id='word_1_21' title='bbox 1525 410 1686 449; x_wconf 91' lang='lat' dir='ltr'>sectas</span> <span class='ocrx_word' id='word_1_22' title='bbox 1732 415 1904 449; x_wconf 89' lang='lat' dir='ltr'>amare</span> <span class='ocrx_word' id='word_1_23' title='bbox 1949 411 2003 449; x_wconf 91' lang='lat' dir='ltr'>et</span> 
     </span>
     <span class='ocr_line' id='line_1_4' title="bbox 156 481 2003 554; baseline 0.001 -20"><span class='ocrx_word' id='word_1_24' title='bbox 156 482 446 552; x_wconf 89' lang='lat' dir='ltr'>approbare</span> <span class='ocrx_word' id='word_1_25' title='bbox 484 481 834 554; x_wconf 87' lang='lat' dir='ltr'><strong>permittitur,</strong></span> <span class='ocrx_word' id='word_1_26' title='bbox 867 481 907 534; x_wconf 92' lang='lat' dir='ltr'>si</span> <span class='ocrx_word' id='word_1_27' title='bbox 952 502 980 534; x_wconf 96' lang='lat' dir='ltr'>a</span> <span class='ocrx_word' id='word_1_28' title='bbox 1024 482 1247 535; x_wconf 88' lang='lat' dir='ltr'>veritate</span> <span class='ocrx_word' id='word_1_29' title='bbox 1286 503 1392 535; x_wconf 91' lang='lat' dir='ltr'>non</span> <span class='ocrx_word' id='word_1_30' title='bbox 1430 483 1735 549; x_wconf 89' lang='lat' dir='ltr'>abhorrent,</span> <span class='ocrx_word' id='word_1_31' title='bbox 1768 483 1808 535; x_wconf 89' lang='lat' dir='ltr'>si</span> <span class='ocrx_word' id='word_1_32' title='bbox 1845 503 1937 535; x_wconf 92' lang='lat' dir='ltr'>nos</span> <span class='ocrx_word' id='word_1_33' title='bbox 1976 504 2003 535; x_wconf 92' lang='lat' dir='ltr'>a</span> 
     </span>
     <span class='ocr_line' id='line_1_5' title="bbox 156 568 2075 640; baseline 0 -20"><span class='ocrx_word' id='word_1_34' title='bbox 156 583 335 621; x_wconf 91' lang='lat' dir='ltr'>nostro</span> <span class='ocrx_word' id='word_1_35' title='bbox 381 569 658 640; x_wconf 87' lang='lat' dir='ltr'>principali</span> <span class='ocrx_word' id='word_1_36' title='bbox 703 568 974 639; x_wconf 91' lang='lat' dir='ltr'>proposito</span> <span class='ocrx_word' id='word_1_37' title='bbox 1020 588 1127 620; x_wconf 91' lang='lat' dir='ltr'>non</span> <span class='ocrx_word' id='word_1_38' title='bbox 1174 583 1438 622; x_wconf 86' lang='lat' dir='ltr'>avertunt.</span> <span class='ocrx_word' id='word_1_39' title='bbox 1522 570 1682 630; x_wconf 89' lang='lat' dir='ltr'>Quod</span> <span class='ocrx_word' id='word_1_40' title='bbox 1728 570 1820 623; x_wconf 91' lang='lat' dir='ltr'>ubi</span> <span class='ocrx_word' id='word_1_41' title='bbox 1865 572 2004 622; x_wconf 84' lang='lat' dir='ltr'>forte</span> <span class='ocrx_word' id='word_1_42' title='bbox 2028 593 2075 620; x_wconf 88' lang='lat'>10</span> 
     </span>
     <span class='ocr_line' id='line_1_6' title="bbox 157 655 2003 729; baseline 0.001 -22"><span class='ocrx_word' id='word_1_43' title='bbox 157 656 500 720; x_wconf 87' lang='lat' dir='ltr'>tentaverint,</span> <span class='ocrx_word' id='word_1_44' title='bbox 533 676 621 708; x_wconf 92' lang='lat' dir='ltr'>seu</span> <span class='ocrx_word' id='word_1_45' title='bbox 662 655 748 707; x_wconf 94' lang='lat' dir='ltr'>ille</span> <span class='ocrx_word' id='word_1_46' title='bbox 788 655 853 707; x_wconf 90' lang='lat' dir='ltr'>sit</span> <span class='ocrx_word' id='word_1_47' title='bbox 878 655 1061 729; x_wconf 57' lang='lat' dir='ltr'>Plato,</span> <span class='ocrx_word' id='word_1_48' title='bbox 1094 675 1181 708; x_wconf 90' lang='lat' dir='ltr'>seu</span> <span class='ocrx_word' id='word_1_49' title='bbox 1224 656 1548 723; x_wconf 91' lang='lat' dir='ltr'>Aristoteles,</span> <span class='ocrx_word' id='word_1_50' title='bbox 1574 678 1663 710; x_wconf 93' lang='lat' dir='ltr'>seu</span> <span class='ocrx_word' id='word_1_51' title='bbox 1699 657 1882 722; x_wconf 91' lang='lat' dir='ltr'>Varro,</span> <span class='ocrx_word' id='word_1_52' title='bbox 1915 677 2003 709; x_wconf 92' lang='lat' dir='ltr'>seu</span> 
     </span>
     <span class='ocr_line' id='line_1_7' title="bbox 156 728 2002 815; baseline 0.001 -21"><span class='ocrx_word' id='word_1_53' title='bbox 156 742 360 807; x_wconf 91' lang='lat' dir='ltr'>Cicero,</span> <span class='ocrx_word' id='word_1_54' title='bbox 379 742 541 794; x_wconf 93' lang='lat' dir='ltr'>libera</span> <span class='ocrx_word' id='word_1_55' title='bbox 562 728 1322 795; x_wconf 47' lang='lat' dir='ltr'>contumacia‘contemnantur</span> <span class='ocrx_word' id='word_1_56' title='bbox 1341 763 1519 796; x_wconf 92' lang='lat' dir='ltr'>omnes</span> <span class='ocrx_word' id='word_1_57' title='bbox 1540 758 1700 815; x_wconf 85' lang='lat' dir='ltr'>atque</span> <span class='ocrx_word' id='word_1_58' title='bbox 1719 744 2002 796; x_wconf 87' lang='lat' dir='ltr'>calcentur.</span> 
     </span>
     <span class='ocr_line' id='line_1_8' title="bbox 156 828 2005 900; baseline 0.001 -20"><span class='ocrx_word' id='word_1_59' title='bbox 156 829 316 881; x_wconf 89' lang='lat' dir='ltr'>Nulla</span> <span class='ocrx_word' id='word_1_60' title='bbox 363 829 784 900; x_wconf 88' lang='lat' dir='ltr'>disputationum</span> <span class='ocrx_word' id='word_1_61' title='bbox 832 828 1051 898; x_wconf 90' lang='lat' dir='ltr'>argutia,</span> <span class='ocrx_word' id='word_1_62' title='bbox 1099 829 1240 882; x_wconf 91' lang='lat' dir='ltr'>nulla</span> <span class='ocrx_word' id='word_1_63' title='bbox 1285 831 1568 884; x_wconf 89' lang='lat' dir='ltr'>verborum</span> <span class='ocrx_word' id='word_1_64' title='bbox 1612 831 1816 896; x_wconf 90' lang='lat' dir='ltr'>lenitas,</span> <span class='ocrx_word' id='word_1_65' title='bbox 1863 831 2005 884; x_wconf 88' lang='lat' dir='ltr'>nulla</span> 
     </span>
     <span class='ocr_line' id='line_1_9' title="bbox 157 915 2005 989; baseline 0.001 -21"><span class='ocrx_word' id='word_1_66' title='bbox 157 916 433 968; x_wconf 89' lang='lat' dir='ltr'>nominum</span> <span class='ocrx_word' id='word_1_67' title='bbox 461 936 552 968; x_wconf 91' lang='lat' dir='ltr'>nos</span> <span class='ocrx_word' id='word_1_68' title='bbox 586 930 768 985; x_wconf 88' lang='lat' dir='ltr'>tangat</span> <span class='ocrx_word' id='word_1_69' title='bbox 803 915 1102 967; x_wconf 88' lang='lat' dir='ltr'>auctoritas.</span> <span class='ocrx_word' id='word_1_70' title='bbox 1172 917 1427 970; x_wconf 88' lang='lat' dir='ltr'>Homines</span> <span class='ocrx_word' id='word_1_71' title='bbox 1455 920 1707 983; x_wconf 78' lang='lat' dir='ltr'>fuerunt3</span> <span class='ocrx_word' id='word_1_72' title='bbox 1743 932 2005 989; x_wconf 90' lang='lat' dir='ltr'>quantum</span> 
     </span>
     <span class='ocr_line' id='line_1_10' title="bbox 154 1002 2074 1073; baseline 0.001 -19"><span class='ocrx_word' id='word_1_73' title='bbox 154 1003 383 1055; x_wconf 90' lang='lat' dir='ltr'>humana</span> <span class='ocrx_word' id='word_1_74' title='bbox 427 1002 768 1073; x_wconf 88' lang='lat' dir='ltr'>inquisitione</span> <span class='ocrx_word' id='word_1_75' title='bbox 811 1002 923 1054; x_wconf 90' lang='lat' dir='ltr'>fieri</span> <span class='ocrx_word' id='word_1_76' title='bbox 967 1003 1164 1072; x_wconf 87' lang='lat' dir='ltr'>potuit,</span> <span class='ocrx_word' id='word_1_77' title='bbox 1210 1018 1262 1055; x_wconf 92' lang='lat' dir='ltr'>et</span> <span class='ocrx_word' id='word_1_78' title='bbox 1308 1005 1498 1057; x_wconf 91' lang='lat' dir='ltr'>notitia</span> <span class='ocrx_word' id='word_1_79' title='bbox 1542 1024 1717 1058; x_wconf 93' lang='lat' dir='ltr'>rerum</span> <span class='ocrx_word' id='word_1_80' title='bbox 1763 1004 1908 1057; x_wconf 89' lang='lat' dir='ltr'>docti</span> <span class='ocrx_word' id='word_1_81' title='bbox 1951 1018 2004 1056; x_wconf 91' lang='lat' dir='ltr'>et</span> <span class='ocrx_word' id='word_1_82' title='bbox 2028 1024 2074 1064; x_wconf 78' lang='lat'>&#39;15</span> 
     </span>
     <span class='ocr_line' id='line_1_11' title="bbox 154 1089 2004 1163; baseline 0.001 -21"><span class='ocrx_word' id='word_1_83' title='bbox 154 1089 364 1160; x_wconf 92' lang='lat' dir='ltr'>eloquio</span> <span class='ocrx_word' id='word_1_84' title='bbox 395 1089 518 1141; x_wconf 90' lang='lat' dir='ltr'>clari</span> <span class='ocrx_word' id='word_1_85' title='bbox 549 1104 602 1141; x_wconf 92' lang='lat' dir='ltr'>et</span> <span class='ocrx_word' id='word_1_86' title='bbox 638 1089 863 1142; x_wconf 87' lang='lat' dir='ltr'>naturali</span> <span class='ocrx_word' id='word_1_87' title='bbox 893 1089 1103 1159; x_wconf 91' lang='lat' dir='ltr'>ingenio</span> <span class='ocrx_word' id='word_1_88' title='bbox 1133 1090 1323 1155; x_wconf 82' lang='lat' dir='ltr'>felices,</span> <span class='ocrx_word' id='word_1_89' title='bbox 1354 1092 1444 1144; x_wconf 92' lang='lat' dir='ltr'>sed</span> <span class='ocrx_word' id='word_1_90' title='bbox 1478 1093 1709 1163; x_wconf 87' lang='lat' dir='ltr'>supremi</span> <span class='ocrx_word' id='word_1_91' title='bbox 1738 1106 1791 1144; x_wconf 93' lang='lat' dir='ltr'>et</span> <span class='ocrx_word' id='word_1_92' title='bbox 1822 1091 2004 1144; x_wconf 87' lang='lat' dir='ltr'>ineffa-</span> 
     </span>
     <span class='ocr_line' id='line_1_12' title="bbox 155 1176 2005 1250; baseline 0.001 -22"><span class='ocrx_word' id='word_1_93' title='bbox 155 1176 269 1229; x_wconf 92' lang='lat' dir='ltr'>bilis</span> <span class='ocrx_word' id='word_1_94' title='bbox 306 1176 509 1229; x_wconf 85' lang='lat' dir='ltr'>¹obiecti</span> <span class='ocrx_word' id='word_1_95' title='bbox 553 1177 847 1247; x_wconf 88' lang='lat' dir='ltr'>privatione</span> <span class='ocrx_word' id='word_1_96' title='bbox 892 1176 1241 1242; x_wconf 84' lang='lat' dir='ltr'>miserabiles3</span> <span class='ocrx_word' id='word_1_97' title='bbox 1306 1192 1369 1230; x_wconf 88' lang='lat' dir='ltr'>et.</span> <span class='ocrx_word' id='word_1_98' title='bbox 1404 1193 1484 1243; x_wconf 90' lang='lat' dir='ltr'>ut,</span> <span class='ocrx_word' id='word_1_99' title='bbox 1531 1179 1622 1250; x_wconf 92' lang='lat' dir='ltr'>qui</span> <span class='ocrx_word' id='word_1_100' title='bbox 1665 1179 1861 1232; x_wconf 88' lang='lat' dir='ltr'>viribus</span> <span class='ocrx_word' id='word_1_101' title='bbox 1905 1178 2005 1231; x_wconf 89' lang='lat' dir='ltr'>suis</span> 
     </span>
     <span class='ocr_line' id='line_1_13' title="bbox 154 1260 2004 1331; baseline 0.001 -19"><span class='ocrx_word' id='word_1_102' title='bbox 154 1260 379 1313; x_wconf 90' lang='lat' dir='ltr'>fiderent</span> <span class='ocrx_word' id='word_1_103' title='bbox 405 1278 689 1331; x_wconf 87' lang='lat' dir='ltr'>veramque</span> <span class='ocrx_word' id='word_1_104' title='bbox 714 1261 887 1313; x_wconf 90' lang='lat' dir='ltr'>lucem</span> <span class='ocrx_word' id='word_1_105' title='bbox 914 1281 1021 1313; x_wconf 91' lang='lat' dir='ltr'>non</span> <span class='ocrx_word' id='word_1_106' title='bbox 1046 1261 1393 1331; x_wconf 89' lang='lat' dir='ltr'>requirerent,</span> <span class='ocrx_word' id='word_1_107' title='bbox 1422 1282 1695 1316; x_wconf 91' lang='lat' dir='ltr'>caecorum</span> <span class='ocrx_word' id='word_1_108' title='bbox 1722 1263 1776 1315; x_wconf 91' lang='lat' dir='ltr'>in</span> <span class='ocrx_word' id='word_1_109' title='bbox 1803 1282 2004 1315; x_wconf 91' lang='lat' dir='ltr'>morem</span> 
     </span>
     <span class='ocr_line' id='line_1_14' title="bbox 154 1347 2004 1421; baseline 0.001 -21"><span class='ocrx_word' id='word_1_110' title='bbox 154 1368 304 1418; x_wconf 89' lang='lat' dir='ltr'>saepe</span> <span class='ocrx_word' id='word_1_111' title='bbox 335 1347 482 1418; x_wconf 90' lang='lat' dir='ltr'>lapsi,</span> <span class='ocrx_word' id='word_1_112' title='bbox 514 1367 664 1418; x_wconf 90' lang='lat' dir='ltr'>saepe</span> <span class='ocrx_word' id='word_1_113' title='bbox 696 1348 762 1399; x_wconf 90' lang='lat' dir='ltr'>ad</span> <span class='ocrx_word' id='word_1_114' title='bbox 793 1348 1023 1418; x_wconf 87' lang='lat' dir='ltr'>lapidem</span> <span class='ocrx_word' id='word_1_115' title='bbox 1055 1349 1400 1400; x_wconf 87' lang='lat' dir='ltr'>offendentes.</span> <span class='ocrx_word' id='word_1_116' title='bbox 1471 1350 1660 1421; x_wconf 91' lang='lat' dir='ltr'>Itaque</span> <span class='ocrx_word' id='word_1_117' title='bbox 1693 1351 1762 1403; x_wconf 88' lang='lat' dir='ltr'>sic</span> <span class='ocrx_word' id='word_1_118' title='bbox 1795 1350 2004 1403; x_wconf 91' lang='lat' dir='ltr'>illorum</span> 
     </span>
     <span class='ocr_line' id='line_1_15' title="bbox 155 1433 2077 1504; baseline -0.002 -18"><span class='ocrx_word' id='word_1_119' title='bbox 155 1434 406 1486; x_wconf 91' lang='lat' dir='ltr'>miremur</span> <span class='ocrx_word' id='word_1_120' title='bbox 434 1433 659 1503; x_wconf 91' lang='lat' dir='ltr'>ingenia,</span> <span class='ocrx_word' id='word_1_121' title='bbox 689 1448 749 1486; x_wconf 94' lang='lat' dir='ltr'>ut</span> <span class='ocrx_word' id='word_1_122' title='bbox 778 1434 974 1504; x_wconf 90' lang='lat' dir='ltr'>ingenii</span> <span class='ocrx_word' id='word_1_123' title='bbox 1001 1453 1311 1487; x_wconf 89' lang='lat' dir='ltr'>veneremur</span> <span class='ocrx_word' id='word_1_124' title='bbox 1339 1450 1610 1488; x_wconf 92' lang='lat' dir='ltr'>auctorem</span> <span class='ocrx_word' id='word_1_125' title='bbox 1635 1458 1647 1500; x_wconf 83' lang='lat'>3</span> <span class='ocrx_word' id='word_1_126' title='bbox 1696 1436 1765 1488; x_wconf 93' lang='lat' dir='ltr'>sic</span> <span class='ocrx_word' id='word_1_127' title='bbox 1794 1436 2003 1488; x_wconf 90' lang='lat' dir='ltr'>illorum</span> <span class='ocrx_word' id='word_1_128' title='bbox 2028 1454 2077 1483; x_wconf 81' lang='lat'>20</span> 
     </span>
     <span class='ocr_line' id='line_1_16' title="bbox 102 1520 2003 1592; baseline 0.001 -19"><span class='ocrx_word' id='word_1_129' title='bbox 102 1539 109 1545; x_wconf 88' lang='lat'><strong>·</strong></span> <span class='ocrx_word' id='word_1_130' title='bbox 156 1520 540 1591; x_wconf 91' lang='lat' dir='ltr'>compatiamur</span> <span class='ocrx_word' id='word_1_131' title='bbox 598 1521 875 1585; x_wconf 89' lang='lat' dir='ltr'>erroribus,</span> <span class='ocrx_word' id='word_1_132' title='bbox 934 1534 994 1572; x_wconf 93' lang='lat' dir='ltr'>ut</span> <span class='ocrx_word' id='word_1_133' title='bbox 1052 1535 1259 1573; x_wconf 88' lang='lat' dir='ltr'>nostrae</span> <span class='ocrx_word' id='word_1_134' title='bbox 1314 1523 1512 1591; x_wconf 90' lang='lat' dir='ltr'>gratiae</span> <span class='ocrx_word' id='word_1_135' title='bbox 1567 1523 1893 1592; x_wconf 87' lang='lat' dir='ltr'>gratulemur</span> <span class='ocrx_word' id='word_1_136' title='bbox 1950 1537 2003 1575; x_wconf 91' lang='lat' dir='ltr'>et</span> 
     </span>
     <span class='ocr_line' id='line_1_17' title="bbox 156 1608 2003 1680; baseline 0.002 -20"><span class='ocrx_word' id='word_1_137' title='bbox 156 1627 523 1678; x_wconf 88' lang='lat' dir='ltr'>cognoscamus</span> <span class='ocrx_word' id='word_1_138' title='bbox 561 1627 652 1659; x_wconf 93' lang='lat' dir='ltr'>nos</span> <span class='ocrx_word' id='word_1_139' title='bbox 687 1608 921 1677; x_wconf 89' lang='lat' dir='ltr'>gratuito</span> <span class='ocrx_word' id='word_1_140' title='bbox 957 1608 1065 1659; x_wconf 90' lang='lat' dir='ltr'>sine</span> <span class='ocrx_word' id='word_1_141' title='bbox 1101 1608 1216 1660; x_wconf 93' lang='lat' dir='ltr'>ullis</span> <span class='ocrx_word' id='word_1_142' title='bbox 1253 1609 1451 1661; x_wconf 91' lang='lat' dir='ltr'>meritis</span> <span class='ocrx_word' id='word_1_143' title='bbox 1486 1610 1769 1662; x_wconf 92' lang='lat' dir='ltr'>honoratos</span> <span class='ocrx_word' id='word_1_144' title='bbox 1806 1611 2003 1680; x_wconf 92' lang='lat' dir='ltr'>praela-</span> 
     </span>
     <span class='ocr_line' id='line_1_18' title="bbox 156 1694 2004 1768; baseline 0.001 -21"><span class='ocrx_word' id='word_1_145' title='bbox 156 1710 343 1766; x_wconf 89' lang='lat' dir='ltr'>tosque</span> <span class='ocrx_word' id='word_1_146' title='bbox 370 1694 652 1747; x_wconf 88' lang='lat' dir='ltr'>maioribus</span> <span class='ocrx_word' id='word_1_147' title='bbox 684 1694 748 1746; x_wconf 92' lang='lat' dir='ltr'>ab</span> <span class='ocrx_word' id='word_1_148' title='bbox 777 1694 885 1759; x_wconf 87' lang='lat' dir='ltr'>illo,</span> <span class='ocrx_word' id='word_1_149' title='bbox 914 1694 1005 1765; x_wconf 93' lang='lat' dir='ltr'>qui</span> <span class='ocrx_word' id='word_1_150' title='bbox 1032 1715 1279 1748; x_wconf 86' lang='lat' dir='ltr'>arcanum</span> <span class='ocrx_word' id='word_1_151' title='bbox 1311 1716 1482 1761; x_wconf 89' lang='lat' dir='ltr'>suum,</span> <span class='ocrx_word' id='word_1_152' title='bbox 1512 1697 1657 1768; x_wconf 92' lang='lat' dir='ltr'>quod</span> <span class='ocrx_word' id='word_1_153' title='bbox 1683 1696 2004 1767; x_wconf 86' lang='lat' dir='ltr'>sapientibus</span> 
     </span>
     <span class='ocr_line' id='line_1_19' title="bbox 156 1781 2006 1851; baseline 0 -16"><span class='ocrx_word' id='word_1_154' title='bbox 156 1781 452 1847; x_wconf 90' lang='lat' dir='ltr'>abscondit,</span> <span class='ocrx_word' id='word_1_155' title='bbox 495 1781 720 1851; x_wconf 88' lang='lat' dir='ltr'>parvulis</span> <span class='ocrx_word' id='word_1_156' title='bbox 757 1781 984 1834; x_wconf 89' lang='lat' dir='ltr'>revelare</span> <span class='ocrx_word' id='word_1_157' title='bbox 1021 1781 1263 1851; x_wconf 90' lang='lat' dir='ltr'>dignatus</span> <span class='ocrx_word' id='word_1_158' title='bbox 1296 1797 1390 1835; x_wconf 91' lang='lat' dir='ltr'>est.</span> <span class='ocrx_word' id='word_1_159' title='bbox 1435 1825 1446 1836; x_wconf 88' lang='lat'>.</span> <span class='ocrx_word' id='word_1_160' title='bbox 1491 1825 1502 1835; x_wconf 92' lang='lat'>.</span> <span class='ocrx_word' id='word_1_161' title='bbox 1540 1825 1550 1836; x_wconf 94' lang='lat'>.</span> <span class='ocrx_word' id='word_1_162' title='bbox 1584 1783 1701 1851; x_wconf 83' lang='lat' dir='ltr'>[We</span> <span class='ocrx_word' id='word_1_163' title='bbox 1740 1803 1826 1835; x_wconf 84' lang='lat' dir='ltr'>are</span> <span class='ocrx_word' id='word_1_164' title='bbox 1866 1797 1910 1836; x_wconf 87' lang='lat' dir='ltr'>to</span> <span class='ocrx_word' id='word_1_165' title='bbox 1951 1784 2006 1835; x_wconf 85' lang='lat' dir='ltr'>be</span> 
     </span>
     <span class='ocr_line' id='line_1_20' title="bbox 158 1868 2076 1939; baseline 0.002 -20"><span class='ocrx_word' id='word_1_166' title='bbox 158 1868 447 1920; x_wconf 82' lang='lat' dir='ltr'>Christians</span> <span class='ocrx_word' id='word_1_167' title='bbox 473 1868 631 1936; x_wconf 80' lang='lat' dir='ltr'>before</span> <span class='ocrx_word' id='word_1_168' title='bbox 656 1868 964 1936; x_wconf 77' lang='lat' dir='ltr'>everything.</span> <span class='ocrx_word' id='word_1_169' title='bbox 1028 1868 1091 1918; x_wconf 84' lang='lat' dir='ltr'><em>W</em></span> <span class='ocrx_word' id='word_1_170' title='bbox 1097 1869 1257 1921; x_wconf 85' lang='lat' dir='ltr'>ithout</span> <span class='ocrx_word' id='word_1_171' title='bbox 1286 1870 1461 1922; x_wconf 82' lang='lat' dir='ltr'>Christ</span> <span class='ocrx_word' id='word_1_172' title='bbox 1486 1870 1715 1939; x_wconf 82' lang='lat' dir='ltr'>learning</span> <span class='ocrx_word' id='word_1_173' title='bbox 1741 1890 1833 1923; x_wconf 84' lang='lat' dir='ltr'>can</span> <span class='ocrx_word' id='word_1_174' title='bbox 1859 1889 2006 1922; x_wconf 83' lang='lat' dir='ltr'><em>never</em></span> <span class='ocrx_word' id='word_1_175' title='bbox 2029 1894 2076 1934; x_wconf 85' lang='lat'>25</span> 
     </span>
     <span class='ocr_line' id='line_1_21' title="bbox 156 1955 631 2026; baseline 0 -18"><span class='ocrx_word' id='word_1_176' title='bbox 156 1955 631 2026; x_wconf 56' lang='lat' dir='ltr'>bring‘happiness]</span> 
     </span>
    </p>

    <p class='ocr_par' dir='ltr' id='par_1_3' title="bbox 155 2042 2077 2634">
     <span class='ocr_line' id='line_1_22' title="bbox 223 2042 2005 2114; baseline 0.001 -19"><span class='ocrx_word' id='word_1_177' title='bbox 223 2043 368 2095; x_wconf 88' lang='lat' dir='ltr'>Haec</span> <span class='ocrx_word' id='word_1_178' title='bbox 426 2042 739 2108; x_wconf 91' lang='lat' dir='ltr'>incidenter,</span> <span class='ocrx_word' id='word_1_179' title='bbox 800 2057 1062 2114; x_wconf 88' lang='lat' dir='ltr'>quantum</span> <span class='ocrx_word' id='word_1_180' title='bbox 1118 2043 1261 2095; x_wconf 94' lang='lat' dir='ltr'>locus</span> <span class='ocrx_word' id='word_1_181' title='bbox 1319 2043 1415 2096; x_wconf 90' lang='lat' dir='ltr'>iste</span> <span class='ocrx_word' id='word_1_182' title='bbox 1473 2064 1657 2114; x_wconf 89' lang='lat' dir='ltr'>capere</span> <span class='ocrx_word' id='word_1_183' title='bbox 1714 2044 1849 2098; x_wconf 88' lang='lat' dir='ltr'>visus</span> <span class='ocrx_word' id='word_1_184' title='bbox 1907 2058 2005 2109; x_wconf 89' lang='lat' dir='ltr'>est,</span> 
     </span>
     <span class='ocr_line' id='line_1_23' title="bbox 157 2130 2005 2200; baseline 0 -18"><span class='ocrx_word' id='word_1_185' title='bbox 157 2130 393 2182; x_wconf 82' lang='lat' dir='ltr'>dixerim.</span> <span class='ocrx_word' id='word_1_186' title='bbox 451 2130 701 2182; x_wconf 76' lang='lat' dir='ltr'>Procedo,</span> <span class='ocrx_word' id='word_1_187' title='bbox 759 2130 1091 2199; x_wconf 87' lang='lat' dir='ltr'>Vagabamur</span> <span class='ocrx_word' id='word_1_188' title='bbox 1113 2130 1308 2200; x_wconf 90' lang='lat' dir='ltr'>pariter</span> <span class='ocrx_word' id='word_1_189' title='bbox 1330 2131 1385 2182; x_wconf 91' lang='lat' dir='ltr'>in</span> <span class='ocrx_word' id='word_1_190' title='bbox 1407 2130 1644 2184; x_wconf 77' lang='lat' dir='ltr'>illa‘urbe</span> <span class='ocrx_word' id='word_1_191' title='bbox 1667 2146 1776 2183; x_wconf 88' lang='lat' dir='ltr'>tam</span> <span class='ocrx_word' id='word_1_192' title='bbox 1799 2151 2005 2200; x_wconf 88' lang='lat' dir='ltr'>magna,</span> 
     </span>
     <span class='ocr_line' id='line_1_24' title="bbox 157 2217 2005 2289; baseline -0.001 -19"><span class='ocrx_word' id='word_1_193' title='bbox 157 2237 290 2288; x_wconf 92' lang='lat' dir='ltr'>quae</span> <span class='ocrx_word' id='word_1_194' title='bbox 334 2236 454 2269; x_wconf 92' lang='lat' dir='ltr'>cum</span> <span class='ocrx_word' id='word_1_195' title='bbox 499 2231 717 2287; x_wconf 90' lang='lat' dir='ltr'>propter</span> <span class='ocrx_word' id='word_1_196' title='bbox 760 2217 989 2287; x_wconf 85' lang='lat' dir='ltr'>spatium</span> <span class='ocrx_word' id='word_1_197' title='bbox 1033 2237 1193 2270; x_wconf 86' lang='lat' dir='ltr'>vacua</span> <span class='ocrx_word' id='word_1_198' title='bbox 1237 2217 1496 2283; x_wconf 89' lang='lat' dir='ltr'>videatur,</span> <span class='ocrx_word' id='word_1_199' title='bbox 1541 2219 1800 2289; x_wconf 91' lang='lat' dir='ltr'>populum</span> <span class='ocrx_word' id='word_1_200' title='bbox 1844 2218 2005 2270; x_wconf 90' lang='lat' dir='ltr'>habet</span> 
     </span>
     <span class='ocr_line' id='line_1_25' title="bbox 155 2303 2077 2375; baseline 0 -20"><span class='ocrx_word' id='word_1_201' title='bbox 155 2304 471 2356; x_wconf 89' lang='lat' dir='ltr'>immensum</span> <span class='ocrx_word' id='word_1_202' title='bbox 496 2325 508 2368; x_wconf 82' lang='lat'>3</span> <span class='ocrx_word' id='word_1_203' title='bbox 559 2323 653 2356; x_wconf 89' lang='lat' dir='ltr'>nec</span> <span class='ocrx_word' id='word_1_204' title='bbox 682 2303 737 2355; x_wconf 93' lang='lat' dir='ltr'>in</span> <span class='ocrx_word' id='word_1_205' title='bbox 770 2304 900 2356; x_wconf 91' lang='lat' dir='ltr'>urbe</span> <span class='ocrx_word' id='word_1_206' title='bbox 931 2318 1142 2356; x_wconf 86' lang='lat' dir='ltr'>tantum</span> <span class='ocrx_word' id='word_1_207' title='bbox 1171 2304 1261 2356; x_wconf 91' lang='lat' dir='ltr'>sed</span> <span class='ocrx_word' id='word_1_208' title='bbox 1290 2304 1423 2357; x_wconf 90' lang='lat' dir='ltr'>circa</span> <span class='ocrx_word' id='word_1_209' title='bbox 1453 2305 1639 2357; x_wconf 90' lang='lat' dir='ltr'>urbem</span> <span class='ocrx_word' id='word_1_210' title='bbox 1668 2305 2004 2375; x_wconf 87' lang='lat' dir='ltr'>vagabamur,</span> <span class='ocrx_word' id='word_1_211' title='bbox 2026 2328 2077 2368; x_wconf 84' lang='lat'>30</span> 
     </span>
     <span class='ocr_line' id='line_1_26' title="bbox 155 2390 2004 2463; baseline 0 -20"><span class='ocrx_word' id='word_1_212' title='bbox 155 2391 441 2462; x_wconf 89' lang='lat' dir='ltr'>aderatque</span> <span class='ocrx_word' id='word_1_213' title='bbox 483 2410 575 2461; x_wconf 92' lang='lat' dir='ltr'>per</span> <span class='ocrx_word' id='word_1_214' title='bbox 618 2390 844 2460; x_wconf 89' lang='lat' dir='ltr'>singulos</span> <span class='ocrx_word' id='word_1_215' title='bbox 886 2411 1058 2461; x_wconf 88' lang='lat' dir='ltr'>passus</span> <span class='ocrx_word' id='word_1_216' title='bbox 1102 2391 1246 2462; x_wconf 92' lang='lat' dir='ltr'>quod</span> <span class='ocrx_word' id='word_1_217' title='bbox 1286 2391 1520 2461; x_wconf 90' lang='lat' dir='ltr'>linguam</span> <span class='ocrx_word' id='word_1_218' title='bbox 1564 2407 1724 2463; x_wconf 92' lang='lat' dir='ltr'>atque</span> <span class='ocrx_word' id='word_1_219' title='bbox 1767 2391 2004 2444; x_wconf 87' lang='lat' dir='ltr'>animum</span> 
     </span>
     <span class='ocr_line' id='line_1_27' title="bbox 155 2475 2004 2558; baseline 0 -27"><span class='ocrx_word' id='word_1_220' title='bbox 155 2479 423 2531; x_wconf 87' lang='lat' dir='ltr'>excitaret.</span> <span class='ocrx_word' id='word_1_221' title='bbox 461 2520 473 2530; x_wconf 92' lang='lat'>.</span> <span class='ocrx_word' id='word_1_222' title='bbox 512 2519 522 2530; x_wconf 89' lang='lat'>.</span> <span class='ocrx_word' id='word_1_223' title='bbox 562 2520 572 2530; x_wconf 96' lang='lat'>.</span> <span class='ocrx_word' id='word_1_224' title='bbox 606 2478 712 2545; x_wconf 85' lang='lat' dir='ltr'>[He</span> <span class='ocrx_word' id='word_1_225' title='bbox 745 2478 919 2530; x_wconf 80' lang='lat' dir='ltr'>recalls</span> <span class='ocrx_word' id='word_1_226' title='bbox 954 2479 1033 2530; x_wconf 85' lang='lat' dir='ltr'>the</span> <span class='ocrx_word' id='word_1_227' title='bbox 1066 2478 1323 2530; x_wconf 82' lang='lat' dir='ltr'>historical</span> <span class='ocrx_word' id='word_1_228' title='bbox 1352 2475 1673 2532; x_wconf 55' lang='lat' dir='ltr'>&#39;associations</span> <span class='ocrx_word' id='word_1_229' title='bbox 1706 2479 1807 2531; x_wconf 86' lang='lat' dir='ltr'>and</span> <span class='ocrx_word' id='word_1_230' title='bbox 1839 2498 2004 2558; x_wconf 50' lang='lat' dir='ltr'>moqu-</span> 
     </span>
     <span class='ocr_line' id='line_1_28' title="bbox 157 2563 660 2634; baseline -0.004 -17"><span class='ocrx_word' id='word_1_231' title='bbox 157 2578 310 2617; x_wconf 78' lang='lat' dir='ltr'>ments</span> <span class='ocrx_word' id='word_1_232' title='bbox 334 2565 391 2633; x_wconf 85' lang='lat' dir='ltr'>of</span> <span class='ocrx_word' id='word_1_233' title='bbox 409 2567 487 2618; x_wconf 83' lang='lat' dir='ltr'>the</span> <span class='ocrx_word' id='word_1_234' title='bbox 515 2563 660 2634; x_wconf 50' lang='lat' dir='ltr'>city]</span> 
     </span>
    </p>

    <p class='ocr_par' dir='ltr' id='par_1_4' title="bbox 156 2650 2079 3331">
     <span class='ocr_line' id='line_1_29' title="bbox 226 2650 2005 2723; baseline 0.001 -19"><span class='ocrx_word' id='word_1_235' title='bbox 226 2651 329 2705; x_wconf 91' lang='lat' dir='ltr'>Sed</span> <span class='ocrx_word' id='word_1_236' title='bbox 353 2671 458 2722; x_wconf 93' lang='lat' dir='ltr'>quo</span> <span class='ocrx_word' id='word_1_237' title='bbox 482 2671 643 2721; x_wconf 91' lang='lat' dir='ltr'>pergo</span> <span class='ocrx_word' id='word_1_238' title='bbox 673 2655 689 2703; x_wconf 83' lang='lat'>?</span> <span class='ocrx_word' id='word_1_239' title='bbox 750 2650 1032 2703; x_wconf 89' lang='lat' dir='ltr'>Possumne</span> <span class='ocrx_word' id='word_1_240' title='bbox 1057 2651 1156 2703; x_wconf 93' lang='lat' dir='ltr'>tibi</span> <span class='ocrx_word' id='word_1_241' title='bbox 1179 2651 1234 2704; x_wconf 91' lang='lat' dir='ltr'>in</span> <span class='ocrx_word' id='word_1_242' title='bbox 1257 2653 1354 2704; x_wconf 91' lang='lat' dir='ltr'>hac</span> <span class='ocrx_word' id='word_1_243' title='bbox 1378 2672 1534 2722; x_wconf 87' lang='lat' dir='ltr'>parva</span> <span class='ocrx_word' id='word_1_244' title='bbox 1559 2673 1758 2723; x_wconf 88' lang='lat' dir='ltr'>papyro</span> <span class='ocrx_word' id='word_1_245' title='bbox 1783 2653 2005 2705; x_wconf 89' lang='lat' dir='ltr'>Romam</span> 
     </span>
     <span class='ocr_line' id='line_1_30' title="bbox 158 2737 2076 2809; baseline 0.001 -19"><span class='ocrx_word' id='word_1_246' title='bbox 158 2737 469 2807; x_wconf 84' lang='lat' dir='ltr'>designare?</span> <span class='ocrx_word' id='word_1_247' title='bbox 545 2738 790 2789; x_wconf 83' lang='lat' dir='ltr'>Profecto</span> <span class='ocrx_word' id='word_1_248' title='bbox 829 2737 870 2789; x_wconf 92' lang='lat' dir='ltr'>si</span> <span class='ocrx_word' id='word_1_249' title='bbox 909 2737 1117 2807; x_wconf 90' lang='lat' dir='ltr'>possim,</span> <span class='ocrx_word' id='word_1_250' title='bbox 1159 2758 1265 2791; x_wconf 91' lang='lat' dir='ltr'>non</span> <span class='ocrx_word' id='word_1_251' title='bbox 1306 2754 1537 2809; x_wconf 92' lang='lat' dir='ltr'>oportet.</span> <span class='ocrx_word' id='word_1_252' title='bbox 1613 2739 1771 2791; x_wconf 89' lang='lat' dir='ltr'>Nosti</span> <span class='ocrx_word' id='word_1_253' title='bbox 1811 2739 2004 2804; x_wconf 89' lang='lat' dir='ltr'>omnia,</span> <span class='ocrx_word' id='word_1_254' title='bbox 2025 2757 2076 2799; x_wconf 85' lang='lat'>35</span> 
     </span>
     <span class='ocr_line' id='line_1_31' title="bbox 157 2823 2005 2897; baseline 0.001 -20"><span class='ocrx_word' id='word_1_255' title='bbox 157 2845 264 2877; x_wconf 92' lang='lat' dir='ltr'>non</span> <span class='ocrx_word' id='word_1_256' title='bbox 310 2824 430 2895; x_wconf 91' lang='lat' dir='ltr'>quia</span> <span class='ocrx_word' id='word_1_257' title='bbox 476 2824 740 2876; x_wconf 89' lang='lat' dir='ltr'>Romanus</span> <span class='ocrx_word' id='word_1_258' title='bbox 786 2823 926 2889; x_wconf 87' lang='lat' dir='ltr'>civis,</span> <span class='ocrx_word' id='word_1_259' title='bbox 972 2825 1061 2876; x_wconf 89' lang='lat' dir='ltr'>sed</span> <span class='ocrx_word' id='word_1_260' title='bbox 1106 2825 1227 2896; x_wconf 90' lang='lat' dir='ltr'>quia</span> <span class='ocrx_word' id='word_1_261' title='bbox 1273 2826 1458 2878; x_wconf 87' lang='lat' dir='ltr'>talium</span> <span class='ocrx_word' id='word_1_262' title='bbox 1504 2826 1558 2878; x_wconf 91' lang='lat' dir='ltr'>in</span> <span class='ocrx_word' id='word_1_263' title='bbox 1603 2826 1783 2897; x_wconf 91' lang='lat' dir='ltr'>primis</span> <span class='ocrx_word' id='word_1_264' title='bbox 1827 2845 2005 2878; x_wconf 91' lang='lat' dir='ltr'>rerum</span> 
     </span>
     <span class='ocr_line' id='line_1_32' title="bbox 158 2909 2006 2982; baseline 0 -19"><span class='ocrx_word' id='word_1_265' title='bbox 158 2909 525 2963; x_wconf 86' lang='lat' dir='ltr'>curiosissimus</span> <span class='ocrx_word' id='word_1_266' title='bbox 571 2910 633 2962; x_wconf 95' lang='lat' dir='ltr'>ab</span> <span class='ocrx_word' id='word_1_267' title='bbox 677 2909 1025 2962; x_wconf 90' lang='lat' dir='ltr'>adolescentia</span> <span class='ocrx_word' id='word_1_268' title='bbox 1067 2911 1230 2963; x_wconf 82' lang='lat' dir='ltr'>fuisti.</span> <span class='ocrx_word' id='word_1_269' title='bbox 1311 2912 1417 2971; x_wconf 85' lang='lat' dir='ltr'>Qui</span> <span class='ocrx_word' id='word_1_270' title='bbox 1460 2912 1601 2965; x_wconf 91' lang='lat' dir='ltr'>enim</span> <span class='ocrx_word' id='word_1_271' title='bbox 1643 2912 1802 2965; x_wconf 89' lang='lat' dir='ltr'>hodie</span> <span class='ocrx_word' id='word_1_272' title='bbox 1845 2911 2006 2982; x_wconf 91' lang='lat' dir='ltr'>magis</span> 
     </span>
     <span class='ocr_line' id='line_1_33' title="bbox 156 2996 2007 3068; baseline 0.001 -20"><span class='ocrx_word' id='word_1_273' title='bbox 156 2996 323 3067; x_wconf 88' lang='lat' dir='ltr'>ignari</span> <span class='ocrx_word' id='word_1_274' title='bbox 353 3014 528 3048; x_wconf 92' lang='lat' dir='ltr'>rerum</span> <span class='ocrx_word' id='word_1_275' title='bbox 560 2997 915 3049; x_wconf 90' lang='lat' dir='ltr'>Romanarum</span> <span class='ocrx_word' id='word_1_276' title='bbox 947 3010 1069 3049; x_wconf 90' lang='lat' dir='ltr'>sunt</span> <span class='ocrx_word' id='word_1_277' title='bbox 1102 3017 1260 3068; x_wconf 88' lang='lat' dir='ltr'>quam</span> <span class='ocrx_word' id='word_1_278' title='bbox 1293 2998 1517 3051; x_wconf 87' lang='lat' dir='ltr'>Romani</span> <span class='ocrx_word' id='word_1_279' title='bbox 1549 2999 1682 3052; x_wconf 89' lang='lat' dir='ltr'>cives</span> <span class='ocrx_word' id='word_1_280' title='bbox 1713 3003 1730 3052; x_wconf 70' lang='grc' dir='ltr'><strong><em>ἓ</em></strong></span> <span class='ocrx_word' id='word_1_281' title='bbox 1799 2998 2007 3052; x_wconf 90' lang='lat' dir='ltr'>Invitus</span> 
     </span>
     <span class='ocr_line' id='line_1_34' title="bbox 159 3083 2006 3169; baseline 0.001 -33"><span class='ocrx_word' id='word_1_282' title='bbox 159 3085 575 3168; x_wconf 49' lang='lat' dir='ltr'>dic0‚‚31usquam</span> <span class='ocrx_word' id='word_1_283' title='bbox 603 3083 773 3136; x_wconf 90' lang='lat' dir='ltr'>minus</span> <span class='ocrx_word' id='word_1_284' title='bbox 802 3084 969 3135; x_wconf 90' lang='lat' dir='ltr'>Roma</span> <span class='ocrx_word' id='word_1_285' title='bbox 997 3084 1327 3153; x_wconf 89' lang='lat' dir='ltr'>cognoscitur</span> <span class='ocrx_word' id='word_1_286' title='bbox 1356 3105 1514 3156; x_wconf 88' lang='lat' dir='ltr'>quam</span> <span class='ocrx_word' id='word_1_287' title='bbox 1544 3087 1773 3169; x_wconf 56' lang='lat' dir='ltr'>Roma33</span> <span class='ocrx_word' id='word_1_288' title='bbox 1822 3106 1925 3156; x_wconf 90' lang='lat' dir='ltr'>qua</span> <span class='ocrx_word' id='word_1_289' title='bbox 1952 3085 2006 3137; x_wconf 91' lang='lat' dir='ltr'>in</span> 
     </span>
     <span class='ocr_line' id='line_1_35' title="bbox 158 3169 2079 3243; baseline 0 -20"><span class='ocrx_word' id='word_1_290' title='bbox 158 3192 212 3223; x_wconf 89' lang='lat' dir='ltr'>re</span> <span class='ocrx_word' id='word_1_291' title='bbox 256 3190 363 3222; x_wconf 91' lang='lat' dir='ltr'>non</span> <span class='ocrx_word' id='word_1_292' title='bbox 406 3169 756 3239; x_wconf 88' lang='lat' dir='ltr'>ignorantiam</span> <span class='ocrx_word' id='word_1_293' title='bbox 801 3170 960 3222; x_wconf 90' lang='lat' dir='ltr'>solam</span> <span class='ocrx_word' id='word_1_294' title='bbox 1004 3169 1104 3222; x_wconf 89' lang='lat' dir='ltr'>fleo</span> <span class='ocrx_word' id='word_1_295' title='bbox 1150 3172 1493 3242; x_wconf 89' lang='lat' dir='ltr'>(quamquam</span> <span class='ocrx_word' id='word_1_296' title='bbox 1539 3172 1669 3243; x_wconf 91' lang='lat' dir='ltr'>quid</span> <span class='ocrx_word' id='word_1_297' title='bbox 1712 3171 2006 3242; x_wconf 88' lang='lat' dir='ltr'>ignorantia</span> <span class='ocrx_word' id='word_1_298' title='bbox 2028 3194 2079 3232; x_wconf 86' lang='lat'>40</span> 
     </span>
     <span class='ocr_line' id='line_1_36' title="bbox 158 3253 2007 3331; baseline 0.001 -20"><span class='ocrx_word' id='word_1_299' title='bbox 158 3260 303 3330; x_wconf 89' lang='lat' dir='ltr'>peius</span> <span class='ocrx_word' id='word_1_300' title='bbox 337 3272 412 3310; x_wconf 90' lang='lat' dir='ltr'>est</span> <span class='ocrx_word' id='word_1_301' title='bbox 444 3261 483 3324; x_wconf 86' lang='lat'>?)</span> <span class='ocrx_word' id='word_1_302' title='bbox 519 3258 607 3310; x_wconf 90' lang='lat' dir='ltr'>sed</span> <span class='ocrx_word' id='word_1_303' title='bbox 639 3258 901 3311; x_wconf 88' lang='lat' dir='ltr'>virtutum</span> <span class='ocrx_word' id='word_1_304' title='bbox 935 3253 1113 3326; x_wconf 80' lang='lat' dir='ltr'>fugam</span> <span class='ocrx_word' id='word_1_305' title='bbox 1148 3257 1467 3331; x_wconf 86' lang='lat' dir='ltr'>exiliumque</span> <span class='ocrx_word' id='word_1_306' title='bbox 1500 3259 1806 3312; x_wconf 90' lang='lat' dir='ltr'>multarum.</span> <span class='ocrx_word' id='word_1_307' title='bbox 1878 3259 2007 3318; x_wconf 84' lang='lat' dir='ltr'>Quis</span> 
     </span>
    </p>
   </div>
  </div>
 </body>
</html>
