<?xml version="1.0" encoding="UTF-8"?>
<!DOCTYPE html PUBLIC "-//W3C//DTD XHTML 1.0 Transitional//EN"
    "http://www.w3.org/TR/xhtml1/DTD/xhtml1-transitional.dtd">
<html xmlns="http://www.w3.org/1999/xhtml" xml:lang="en" lang="en">
 <head>
  <title>
</title>
<meta http-equiv="Content-Type" content="text/html;charset=utf-8" />
  <meta name='ocr-system' content='tesseract 3.04.00' />
  <meta name='ocr-capabilities' content='ocr_page ocr_carea ocr_par ocr_line ocrx_word'/>
</head>
<body>
  <div class='ocr_page' id='page_1' title='image "./epistolaeselecta00petruoft_0218.png"; bbox 0 0 2242 3600; ppageno 0'>
   <div class='ocr_carea' id='block_1_1' title="bbox 278 174 1583 228">
    <p class='ocr_par' dir='ltr' id='par_1_1' title="bbox 278 174 1583 228">
     <span class='ocr_line' id='line_1_1' title="bbox 278 174 1583 228; baseline 0.001 -3"><span class='ocrx_word' id='word_1_1' title='bbox 278 189 375 226; x_wconf 87' lang='lat'>202</span> <span class='ocrx_word' id='word_1_2' title='bbox 792 174 1072 227; x_wconf 90' lang='lat' dir='ltr'>LVCAE</span> <span class='ocrx_word' id='word_1_3' title='bbox 1130 175 1238 227; x_wconf 92' lang='lat' dir='ltr'>DE</span> <span class='ocrx_word' id='word_1_4' title='bbox 1293 174 1583 228; x_wconf 89' lang='lat' dir='ltr'><strong>PENNA</strong></span> 
     </span>
    </p>
   </div>
   <div class='ocr_carea' id='block_1_2' title="bbox 174 301 2143 2353">
    <p class='ocr_par' dir='ltr' id='par_1_2' title="bbox 174 301 2143 2353">
     <span class='ocr_line' id='line_1_2' title="bbox 271 301 2136 374; baseline 0.001 -20"><span class='ocrx_word' id='word_1_5' title='bbox 271 301 447 355; x_wconf 91' lang='lat' dir='ltr'>studio</span> <span class='ocrx_word' id='word_1_6' title='bbox 483 304 706 356; x_wconf 86' lang='lat' dir='ltr'>concessi</span> <span class='ocrx_word' id='word_1_7' title='bbox 739 302 859 356; x_wconf 90' lang='lat' dir='ltr'>libri</span> <span class='ocrx_word' id='word_1_8' title='bbox 896 316 1060 369; x_wconf 89' lang='lat' dir='ltr'>erant,</span> <span class='ocrx_word' id='word_1_9' title='bbox 1088 303 1235 374; x_wconf 90' lang='lat' dir='ltr'>coepi</span> <span class='ocrx_word' id='word_1_10' title='bbox 1274 303 1424 356; x_wconf 89' lang='lat' dir='ltr'>altius</span> <span class='ocrx_word' id='word_1_11' title='bbox 1462 303 1730 374; x_wconf 84' lang='lat' dir='ltr'>exquirere</span> <span class='ocrx_word' id='word_1_12' title='bbox 1763 302 1893 374; x_wconf 88' lang='lat' dir='ltr'>quid</span> <span class='ocrx_word' id='word_1_13' title='bbox 1928 302 1994 356; x_wconf 89' lang='lat' dir='ltr'>de</span> <span class='ocrx_word' id='word_1_14' title='bbox 2028 302 2097 356; x_wconf 85' lang='lat' dir='ltr'>eis</span> <span class='ocrx_word' id='word_1_15' title='bbox 2132 327 2136 331; x_wconf 89' lang='lat'>·</span> 
     </span>
     <span class='ocr_line' id='line_1_3' title="bbox 272 384 2098 460; baseline 0.001 -21"><span class='ocrx_word' id='word_1_16' title='bbox 272 384 456 440; x_wconf 78' lang='lat' dir='ltr'>actum.</span> <span class='ocrx_word' id='word_1_17' title='bbox 495 403 641 454; x_wconf 90' lang='lat' dir='ltr'>esset,</span> <span class='ocrx_word' id='word_1_18' title='bbox 688 404 742 441; x_wconf 92' lang='lat' dir='ltr'>et</span> <span class='ocrx_word' id='word_1_19' title='bbox 786 402 848 442; x_wconf 93' lang='lat' dir='ltr'>ut</span> <span class='ocrx_word' id='word_1_20' title='bbox 891 389 1186 460; x_wconf 66' lang='lat' dir='ltr'>pigneratos</span> <span class='ocrx_word' id='word_1_21' title='bbox 1231 390 1481 460; x_wconf 89' lang='lat' dir='ltr'>comperi,</span> <span class='ocrx_word' id='word_1_22' title='bbox 1526 408 1681 460; x_wconf 63' lang='lat' dir='ltr'>penes</span> <span class='ocrx_word' id='word_1_23' title='bbox 1727 407 1885 460; x_wconf 91' lang='lat' dir='ltr'>quem</span> <span class='ocrx_word' id='word_1_24' title='bbox 1930 401 2098 443; x_wconf 88' lang='lat' dir='ltr'>essent</span> 
     </span>
     <span class='ocr_line' id='line_1_4' title="bbox 270 464 2097 546; baseline 0.001 -20"><span class='ocrx_word' id='word_1_25' title='bbox 270 474 485 528; x_wconf 89' lang='lat' dir='ltr'>indicari</span> <span class='ocrx_word' id='word_1_26' title='bbox 507 476 636 527; x_wconf 89' lang='lat' dir='ltr'>mihi</span> <span class='ocrx_word' id='word_1_27' title='bbox 657 475 804 546; x_wconf 89' lang='lat' dir='ltr'>petii,</span> <span class='ocrx_word' id='word_1_28' title='bbox 827 464 1126 529; x_wconf 57' lang='lat' dir='ltr'>utEcultas</span> <span class='ocrx_word' id='word_1_29' title='bbox 1148 476 1295 528; x_wconf 88' lang='lat' dir='ltr'>fieret</span> <span class='ocrx_word' id='word_1_30' title='bbox 1315 475 1494 528; x_wconf 91' lang='lat' dir='ltr'>luendi</span> <span class='ocrx_word' id='word_1_31' title='bbox 1517 494 1616 528; x_wconf 79' lang='lat' dir='ltr'>eOS.</span> <span class='ocrx_word' id='word_1_32' title='bbox 1675 476 1787 541; x_wconf 91' lang='lat' dir='ltr'>Ille,</span> <span class='ocrx_word' id='word_1_33' title='bbox 1810 489 1864 528; x_wconf 87' lang='lat' dir='ltr'>et</span> <span class='ocrx_word' id='word_1_34' title='bbox 1885 473 2097 546; x_wconf 87' lang='lat' dir='ltr'>pudoris</span> 
     </span>
     <span class='ocr_line' id='line_1_5' title="bbox 269 560 2099 632; baseline 0 -19"><span class='ocrx_word' id='word_1_35' title='bbox 269 560 449 630; x_wconf 92' lang='lat' dir='ltr'>plenus</span> <span class='ocrx_word' id='word_1_36' title='bbox 479 575 533 613; x_wconf 93' lang='lat' dir='ltr'>et</span> <span class='ocrx_word' id='word_1_37' title='bbox 558 560 906 626; x_wconf 90' lang='lat' dir='ltr'>lacrimarum,</span> <span class='ocrx_word' id='word_1_38' title='bbox 936 562 1143 631; x_wconf 87' lang='lat' dir='ltr'>negavit</span> <span class='ocrx_word' id='word_1_39' title='bbox 1170 581 1222 615; x_wconf 93' lang='lat' dir='ltr'>se</span> <span class='ocrx_word' id='word_1_40' title='bbox 1248 562 1303 614; x_wconf 93' lang='lat' dir='ltr'>id</span> <span class='ocrx_word' id='word_1_41' title='bbox 1332 582 1435 615; x_wconf 92' lang='lat' dir='ltr'>esse</span> <span class='ocrx_word' id='word_1_42' title='bbox 1460 563 1743 627; x_wconf 91' lang='lat' dir='ltr'>facturum,</span> <span class='ocrx_word' id='word_1_43' title='bbox 1771 560 1916 632; x_wconf 92' lang='lat' dir='ltr'>quod</span> <span class='ocrx_word' id='word_1_44' title='bbox 1943 574 2099 631; x_wconf 87' lang='lat' dir='ltr'>turpe</span> 
     </span>
     <span class='ocr_line' id='line_1_6' title="bbox 176 646 2098 717; baseline 0 -19"><span class='ocrx_word' id='word_1_45' title='bbox 176 676 244 717; x_wconf 79' lang='lat'>255</span> <span class='ocrx_word' id='word_1_46' title='bbox 270 646 419 698; x_wconf 90' lang='lat' dir='ltr'>nimis</span> <span class='ocrx_word' id='word_1_47' title='bbox 450 660 578 699; x_wconf 89' lang='lat' dir='ltr'>esset</span> <span class='ocrx_word' id='word_1_48' title='bbox 606 646 720 711; x_wconf 91' lang='lat' dir='ltr'>sibi,</span> <span class='ocrx_word' id='word_1_49' title='bbox 742 647 783 699; x_wconf 94' lang='lat' dir='ltr'>si</span> <span class='ocrx_word' id='word_1_50' title='bbox 812 647 956 717; x_wconf 93' lang='lat' dir='ltr'>quod</span> <span class='ocrx_word' id='word_1_51' title='bbox 983 648 1092 717; x_wconf 89' lang='lat' dir='ltr'>ipse</span> <span class='ocrx_word' id='word_1_52' title='bbox 1121 648 1334 700; x_wconf 86' lang='lat' dir='ltr'>deberet</span> <span class='ocrx_word' id='word_1_53' title='bbox 1365 648 1494 700; x_wconf 90' lang='lat' dir='ltr'>alter</span> <span class='ocrx_word' id='word_1_54' title='bbox 1513 649 1725 712; x_wconf 89' lang='lat' dir='ltr'>faceret,</span> <span class='ocrx_word' id='word_1_55' title='bbox 1748 660 2098 717; x_wconf 71' lang='lat' dir='ltr'>exspectarem</span> 
     </span>
     <span class='ocr_line' id='line_1_7' title="bbox 268 731 2099 802; baseline 0 -18"><span class='ocrx_word' id='word_1_56' title='bbox 268 731 557 801; x_wconf 92' lang='lat' dir='ltr'>paululum,</span> <span class='ocrx_word' id='word_1_57' title='bbox 591 732 735 802; x_wconf 93' lang='lat' dir='ltr'>quod</span> <span class='ocrx_word' id='word_1_58' title='bbox 766 751 918 786; x_wconf 90' lang='lat' dir='ltr'>suum</span> <span class='ocrx_word' id='word_1_59' title='bbox 950 747 1059 786; x_wconf 89' lang='lat' dir='ltr'>erat</span> <span class='ocrx_word' id='word_1_60' title='bbox 1092 734 1198 786; x_wconf 91' lang='lat' dir='ltr'>cito</span> <span class='ocrx_word' id='word_1_61' title='bbox 1230 754 1281 786; x_wconf 90' lang='lat' dir='ltr'>se</span> <span class='ocrx_word' id='word_1_62' title='bbox 1311 735 1592 786; x_wconf 88' lang='lat' dir='ltr'>facturum.</span> <span class='ocrx_word' id='word_1_63' title='bbox 1660 732 1849 786; x_wconf 87' lang='lat' dir='ltr'>Obtuli</span> <span class='ocrx_word' id='word_1_64' title='bbox 1878 733 1935 785; x_wconf 89' lang='lat' dir='ltr'>in</span> <span class='ocrx_word' id='word_1_65' title='bbox 1964 732 2099 784; x_wconf 90' lang='lat' dir='ltr'>hanc</span> 
     </span>
     <span class='ocr_line' id='line_1_8' title="bbox 268 813 2100 886; baseline 0.001 -21"><span class='ocrx_word' id='word_1_66' title='bbox 268 832 378 865; x_wconf 91' lang='lat' dir='ltr'>rem</span> <span class='ocrx_word' id='word_1_67' title='bbox 417 815 668 884; x_wconf 90' lang='lat' dir='ltr'>pecuniae</span> <span class='ocrx_word' id='word_1_68' title='bbox 708 830 968 885; x_wconf 92' lang='lat' dir='ltr'>quantum</span> <span class='ocrx_word' id='word_1_69' title='bbox 1006 815 1180 881; x_wconf 86' lang='lat' dir='ltr'>vellet,</span> <span class='ocrx_word' id='word_1_70' title='bbox 1223 829 1275 868; x_wconf 90' lang='lat' dir='ltr'>et</span> <span class='ocrx_word' id='word_1_71' title='bbox 1315 816 1415 868; x_wconf 92' lang='lat' dir='ltr'>hoc</span> <span class='ocrx_word' id='word_1_72' title='bbox 1454 817 1668 886; x_wconf 84' lang='lat' dir='ltr'>respuit,</span> <span class='ocrx_word' id='word_1_73' title='bbox 1710 834 1857 868; x_wconf 91' lang='lat' dir='ltr'>orans</span> <span class='ocrx_word' id='word_1_74' title='bbox 1897 834 1964 867; x_wconf 90' lang='lat' dir='ltr'>ne</span> <span class='ocrx_word' id='word_1_75' title='bbox 2001 813 2100 867; x_wconf 90' lang='lat' dir='ltr'>sibi</span> 
     </span>
     <span class='ocr_line' id='line_1_9' title="bbox 268 888 2098 971; baseline 0.001 -20"><span class='ocrx_word' id='word_1_76' title='bbox 268 899 400 951; x_wconf 91' lang='lat' dir='ltr'>hanc</span> <span class='ocrx_word' id='word_1_77' title='bbox 425 900 695 954; x_wconf 81' lang='lat' dir='ltr'>infamiam</span> <span class='ocrx_word' id='word_1_78' title='bbox 719 902 996 954; x_wconf 90' lang='lat' dir='ltr'>inurerem.</span> <span class='ocrx_word' id='word_1_79' title='bbox 1059 903 1186 971; x_wconf 84' lang='lat' dir='ltr'>Ego,</span> <span class='ocrx_word' id='word_1_80' title='bbox 1215 902 1309 955; x_wconf 90' lang='lat' dir='ltr'>etsi</span> <span class='ocrx_word' id='word_1_81' title='bbox 1335 902 1466 954; x_wconf 89' lang='lat' dir='ltr'>nihil</span> <span class='ocrx_word' id='word_1_82' title='bbox 1492 902 1635 954; x_wconf 91' lang='lat' dir='ltr'>dicto</span> <span class='ocrx_word' id='word_1_83' title='bbox 1661 888 1894 966; x_wconf 88' lang='lat' dir='ltr'>fiderem,</span> <span class='ocrx_word' id='word_1_84' title='bbox 1921 899 2098 953; x_wconf 86' lang='lat' dir='ltr'>nolens</span> 
     </span>
     <span class='ocr_line' id='line_1_10' title="bbox 270 986 2100 1057; baseline 0.001 -20"><span class='ocrx_word' id='word_1_85' title='bbox 270 999 447 1038; x_wconf 91' lang='lat' dir='ltr'>tamen</span> <span class='ocrx_word' id='word_1_86' title='bbox 501 993 659 1057; x_wconf 85' lang='lat' dir='ltr'>quern</span> <span class='ocrx_word' id='word_1_87' title='bbox 714 987 952 1039; x_wconf 88' lang='lat' dir='ltr'>amabam</span> <span class='ocrx_word' id='word_1_88' title='bbox 1007 988 1329 1052; x_wconf 86' lang='lat' dir='ltr'>contristare,</span> <span class='ocrx_word' id='word_1_89' title='bbox 1379 987 1624 1040; x_wconf 92' lang='lat' dir='ltr'>subticui.</span> <span class='ocrx_word' id='word_1_90' title='bbox 1715 987 1834 1057; x_wconf 90' lang='lat' dir='ltr'>Ipse</span> <span class='ocrx_word' id='word_1_91' title='bbox 1886 986 2100 1039; x_wconf 90' lang='lat' dir='ltr'>interim</span> 
     </span>
     <span class='ocr_line' id='line_1_11' title="bbox 176 1072 2100 1143; baseline 0.001 -19"><span class='ocrx_word' id='word_1_92' title='bbox 176 1093 247 1131; x_wconf 84' lang='lat'>260</span> <span class='ocrx_word' id='word_1_93' title='bbox 269 1087 579 1143; x_wconf 90' lang='lat' dir='ltr'>paupertate</span> <span class='ocrx_word' id='word_1_94' title='bbox 611 1073 785 1143; x_wconf 92' lang='lat' dir='ltr'>pulsus</span> <span class='ocrx_word' id='word_1_95' title='bbox 818 1074 875 1126; x_wconf 95' lang='lat' dir='ltr'>in</span> <span class='ocrx_word' id='word_1_96' title='bbox 906 1073 1154 1126; x_wconf 90' lang='lat' dir='ltr'>Tusciam</span> <span class='ocrx_word' id='word_1_97' title='bbox 1187 1075 1300 1139; x_wconf 91' lang='lat' dir='ltr'>ivit,</span> <span class='ocrx_word' id='word_1_98' title='bbox 1335 1073 1476 1126; x_wconf 93' lang='lat' dir='ltr'>unde</span> <span class='ocrx_word' id='word_1_99' title='bbox 1506 1074 1605 1133; x_wconf 65' lang='lat' dir='ltr'>sibi</span> <span class='ocrx_word' id='word_1_100' title='bbox 1638 1087 1747 1125; x_wconf 90' lang='lat' dir='ltr'>erat</span> <span class='ocrx_word' id='word_1_101' title='bbox 1781 1072 1960 1142; x_wconf 80' lang='lat' dir='ltr'>orig03</span> <span class='ocrx_word' id='word_1_102' title='bbox 2014 1090 2100 1125; x_wconf 88' lang='lat' dir='ltr'>me</span> 
     </span>
     <span class='ocr_line' id='line_1_12' title="bbox 270 1159 2100 1230; baseline 0.001 -20"><span class='ocrx_word' id='word_1_103' title='bbox 270 1173 398 1212; x_wconf 89' lang='lat' dir='ltr'>tunc</span> <span class='ocrx_word' id='word_1_104' title='bbox 421 1159 486 1211; x_wconf 92' lang='lat' dir='ltr'>ad</span> <span class='ocrx_word' id='word_1_105' title='bbox 506 1161 711 1212; x_wconf 91' lang='lat' dir='ltr'>fontem</span> <span class='ocrx_word' id='word_1_106' title='bbox 735 1159 945 1229; x_wconf 88' lang='lat' dir='ltr'>Sorgiae</span> <span class='ocrx_word' id='word_1_107' title='bbox 966 1179 1080 1212; x_wconf 92' lang='lat' dir='ltr'>mea</span> <span class='ocrx_word' id='word_1_108' title='bbox 1101 1160 1442 1230; x_wconf 90' lang='lat' dir='ltr'>Transalpina</span> <span class='ocrx_word' id='word_1_109' title='bbox 1462 1160 1517 1212; x_wconf 94' lang='lat' dir='ltr'>in</span> <span class='ocrx_word' id='word_1_110' title='bbox 1537 1160 1818 1212; x_wconf 89' lang='lat' dir='ltr'>solitudine</span> <span class='ocrx_word' id='word_1_111' title='bbox 1836 1159 2100 1224; x_wconf 85' lang='lat' dir='ltr'>latitante,</span> 
     </span>
     <span class='ocr_line' id='line_1_13' title="bbox 269 1245 2099 1317; baseline 0.001 -20"><span class='ocrx_word' id='word_1_112' title='bbox 269 1259 329 1297; x_wconf 91' lang='lat' dir='ltr'>ut</span> <span class='ocrx_word' id='word_1_113' title='bbox 352 1245 597 1311; x_wconf 86' lang='lat' dir='ltr'>solebam,</span> <span class='ocrx_word' id='word_1_114' title='bbox 624 1265 718 1298; x_wconf 91' lang='lat' dir='ltr'>nee</span> <span class='ocrx_word' id='word_1_115' title='bbox 741 1247 882 1317; x_wconf 89' lang='lat' dir='ltr'>prius</span> <span class='ocrx_word' id='word_1_116' title='bbox 909 1266 1029 1300; x_wconf 91' lang='lat' dir='ltr'>eum</span> <span class='ocrx_word' id='word_1_117' title='bbox 1062 1247 1244 1300; x_wconf 89' lang='lat' dir='ltr'>abiisse</span> <span class='ocrx_word' id='word_1_118' title='bbox 1274 1265 1432 1317; x_wconf 92' lang='lat' dir='ltr'>quam</span> <span class='ocrx_word' id='word_1_119' title='bbox 1457 1247 1639 1311; x_wconf 70' lang='lat' dir='ltr'>obiisse</span> <span class='ocrx_word' id='word_1_120' title='bbox 1662 1245 1899 1315; x_wconf 88' lang='lat' dir='ltr'>cognovi,</span> <span class='ocrx_word' id='word_1_121' title='bbox 1923 1259 2099 1299; x_wconf 87' lang='lat' dir='ltr'>oratus</span> 
     </span>
     <span class='ocr_line' id='line_1_14' title="bbox 267 1331 2098 1404; baseline 0.001 -21"><span class='ocrx_word' id='word_1_122' title='bbox 267 1350 297 1383; x_wconf 93' lang='lat' dir='ltr'>a</span> <span class='ocrx_word' id='word_1_123' title='bbox 324 1331 519 1396; x_wconf 86' lang='lat' dir='ltr'>civibus</span> <span class='ocrx_word' id='word_1_124' title='bbox 547 1333 665 1398; x_wconf 80' lang='lat' dir='ltr'>suiS,</span> <span class='ocrx_word' id='word_1_125' title='bbox 695 1333 787 1403; x_wconf 93' lang='lat' dir='ltr'>qui</span> <span class='ocrx_word' id='word_1_126' title='bbox 814 1332 880 1385; x_wconf 89' lang='lat' dir='ltr'>ad</span> <span class='ocrx_word' id='word_1_127' title='bbox 899 1332 1222 1404; x_wconf 89' lang='lat' dir='ltr'>sepulturam</span> <span class='ocrx_word' id='word_1_128' title='bbox 1247 1333 1397 1385; x_wconf 90' lang='lat' dir='ltr'>illum</span> <span class='ocrx_word' id='word_1_129' title='bbox 1424 1352 1536 1385; x_wconf 91' lang='lat' dir='ltr'>sero</span> <span class='ocrx_word' id='word_1_130' title='bbox 1564 1332 1779 1403; x_wconf 92' lang='lat' dir='ltr'>quidem</span> <span class='ocrx_word' id='word_1_131' title='bbox 1804 1331 2098 1386; x_wconf 88' lang='lat' dir='ltr'>laureatum</span> 
     </span>
     <span class='ocr_line' id='line_1_15' title="bbox 269 1418 2099 1490; baseline 0.001 -20"><span class='ocrx_word' id='word_1_132' title='bbox 269 1418 516 1484; x_wconf 88' lang='lat' dir='ltr'>tulerant,</span> <span class='ocrx_word' id='word_1_133' title='bbox 560 1433 622 1471; x_wconf 90' lang='lat' dir='ltr'>ut</span> <span class='ocrx_word' id='word_1_134' title='bbox 666 1420 945 1472; x_wconf 86' lang='lat' dir='ltr'>memoriae</span> <span class='ocrx_word' id='word_1_135' title='bbox 987 1420 1093 1472; x_wconf 92' lang='lat' dir='ltr'>eius</span> <span class='ocrx_word' id='word_1_136' title='bbox 1136 1420 1482 1472; x_wconf 89' lang='lat' dir='ltr'>honorificum</span> <span class='ocrx_word' id='word_1_137' title='bbox 1526 1419 1739 1490; x_wconf 83' lang='lat' dir='ltr'>aliquod</span> <span class='ocrx_word' id='word_1_138' title='bbox 1781 1419 2099 1490; x_wconf 84' lang='lat' dir='ltr'>epigramma</span> 
     </span>
     <span class='ocr_line' id='line_1_16' title="bbox 174 1503 2097 1576; baseline 0 -20"><span class='ocrx_word' id='word_1_139' title='bbox 174 1520 245 1574; x_wconf 80' lang='lat'>255</span> <span class='ocrx_word' id='word_1_140' title='bbox 269 1523 656 1575; x_wconf 84' lang='lat' dir='ltr'>componerem.</span> <span class='ocrx_word' id='word_1_141' title='bbox 716 1506 830 1557; x_wconf 90' lang='lat' dir='ltr'>Nec</span> <span class='ocrx_word' id='word_1_142' title='bbox 857 1505 1099 1576; x_wconf 89' lang='lat' dir='ltr'>deinceps</span> <span class='ocrx_word' id='word_1_143' title='bbox 1131 1505 1234 1558; x_wconf 91' lang='lat' dir='ltr'>ulla</span> <span class='ocrx_word' id='word_1_144' title='bbox 1269 1524 1503 1576; x_wconf 90' lang='lat' dir='ltr'>unquam</span> <span class='ocrx_word' id='word_1_145' title='bbox 1536 1505 1805 1574; x_wconf 88' lang='lat' dir='ltr'>diligentia</span> <span class='ocrx_word' id='word_1_146' title='bbox 1833 1503 1917 1557; x_wconf 88' lang='lat' dir='ltr'>vel</span> <span class='ocrx_word' id='word_1_147' title='bbox 1942 1503 2097 1556; x_wconf 90' lang='lat' dir='ltr'>mini-</span> 
     </span>
     <span class='ocr_line' id='line_1_17' title="bbox 269 1590 2098 1658; baseline -0.001 -15"><span class='ocrx_word' id='word_1_148' title='bbox 269 1610 416 1643; x_wconf 92' lang='lat' dir='ltr'>mum</span> <span class='ocrx_word' id='word_1_149' title='bbox 457 1592 625 1644; x_wconf 89' lang='lat' dir='ltr'>amissi</span> <span class='ocrx_word' id='word_1_150' title='bbox 661 1591 924 1644; x_wconf 91' lang='lat' dir='ltr'>Ciceronis</span> <span class='ocrx_word' id='word_1_151' title='bbox 963 1591 1236 1658; x_wconf 91' lang='lat' dir='ltr'>indicium,</span> <span class='ocrx_word' id='word_1_152' title='bbox 1275 1611 1396 1644; x_wconf 91' lang='lat' dir='ltr'>nam</span> <span class='ocrx_word' id='word_1_153' title='bbox 1437 1592 1502 1644; x_wconf 92' lang='lat' dir='ltr'>de</span> <span class='ocrx_word' id='word_1_154' title='bbox 1537 1591 1643 1644; x_wconf 90' lang='lat' dir='ltr'>aliis</span> <span class='ocrx_word' id='word_1_155' title='bbox 1680 1610 1788 1644; x_wconf 90' lang='lat' dir='ltr'>non</span> <span class='ocrx_word' id='word_1_156' title='bbox 1825 1590 2098 1656; x_wconf 86' lang='lat' dir='ltr'>curassem,</span> 
     </span>
     <span class='ocr_line' id='line_1_18' title="bbox 268 1669 1935 1749; baseline 0 -20"><span class='ocrx_word' id='word_1_157' title='bbox 268 1678 499 1730; x_wconf 85' lang='lat' dir='ltr'>invenire</span> <span class='ocrx_word' id='word_1_158' title='bbox 526 1678 687 1748; x_wconf 89' lang='lat' dir='ltr'>quivi.</span> <span class='ocrx_word' id='word_1_159' title='bbox 751 1678 835 1730; x_wconf 91' lang='lat' dir='ltr'>Ita</span> <span class='ocrx_word' id='word_1_160' title='bbox 859 1678 1013 1731; x_wconf 92' lang='lat' dir='ltr'>simul</span> <span class='ocrx_word' id='word_1_161' title='bbox 1039 1692 1093 1731; x_wconf 91' lang='lat' dir='ltr'>et</span> <span class='ocrx_word' id='word_1_162' title='bbox 1118 1678 1274 1731; x_wconf 88' lang='lat' dir='ltr'>libros</span> <span class='ocrx_word' id='word_1_163' title='bbox 1301 1678 1506 1749; x_wconf 92' lang='lat' dir='ltr'>perdidi</span> <span class='ocrx_word' id='word_1_164' title='bbox 1533 1692 1586 1731; x_wconf 92' lang='lat' dir='ltr'>et</span> <span class='ocrx_word' id='word_1_165' title='bbox 1614 1669 1935 1747; x_wconf 77' lang='lat' dir='ltr'>magistrum.</span> 
     </span>
     <span class='ocr_line' id='line_1_19' title="bbox 337 1762 2099 1835; baseline -0.001 -19"><span class='ocrx_word' id='word_1_166' title='bbox 337 1764 530 1829; x_wconf 82' lang='lat' dir='ltr'>HabeS,</span> <span class='ocrx_word' id='word_1_167' title='bbox 565 1784 647 1830; x_wconf 92' lang='lat' dir='ltr'>en,</span> <span class='ocrx_word' id='word_1_168' title='bbox 680 1765 950 1817; x_wconf 88' lang='lat' dir='ltr'>historiam</span> <span class='ocrx_word' id='word_1_169' title='bbox 975 1783 1134 1835; x_wconf 92' lang='lat' dir='ltr'>quam</span> <span class='ocrx_word' id='word_1_170' title='bbox 1165 1765 1361 1835; x_wconf 88' lang='lat' dir='ltr'>petisti,</span> <span class='ocrx_word' id='word_1_171' title='bbox 1388 1764 1764 1834; x_wconf 87' lang='lat' dir='ltr'>longiusculam</span> <span class='ocrx_word' id='word_1_172' title='bbox 1793 1765 1978 1829; x_wconf 91' lang='lat' dir='ltr'>fateor,</span> <span class='ocrx_word' id='word_1_173' title='bbox 2009 1762 2099 1815; x_wconf 91' lang='lat' dir='ltr'>sed</span> 
     </span>
     <span class='ocr_line' id='line_1_20' title="bbox 271 1848 2098 1903; baseline 0 -2"><span class='ocrx_word' id='word_1_174' title='bbox 271 1850 422 1902; x_wconf 86' lang='lat' dir='ltr'>dulce</span> <span class='ocrx_word' id='word_1_175' title='bbox 451 1851 579 1902; x_wconf 92' lang='lat' dir='ltr'>mihi</span> <span class='ocrx_word' id='word_1_176' title='bbox 603 1852 706 1903; x_wconf 90' lang='lat' dir='ltr'>fuit</span> <span class='ocrx_word' id='word_1_177' title='bbox 743 1865 796 1902; x_wconf 91' lang='lat' dir='ltr'>et</span> <span class='ocrx_word' id='word_1_178' title='bbox 831 1865 1071 1903; x_wconf 89' lang='lat' dir='ltr'>veterum</span> <span class='ocrx_word' id='word_1_179' title='bbox 1106 1851 1364 1903; x_wconf 89' lang='lat' dir='ltr'>recordari</span> <span class='ocrx_word' id='word_1_180' title='bbox 1400 1865 1453 1903; x_wconf 89' lang='lat' dir='ltr'>et</span> <span class='ocrx_word' id='word_1_181' title='bbox 1489 1870 1626 1903; x_wconf 86' lang='lat' dir='ltr'>novo</span> <span class='ocrx_word' id='word_1_182' title='bbox 1659 1868 1781 1902; x_wconf 92' lang='lat' dir='ltr'>cum</span> <span class='ocrx_word' id='word_1_183' title='bbox 1817 1850 1984 1902; x_wconf 89' lang='lat' dir='ltr'>amico</span> <span class='ocrx_word' id='word_1_184' title='bbox 2007 1848 2098 1901; x_wconf 89' lang='lat' dir='ltr'>diu</span> 
     </span>
     <span class='ocr_line' id='line_1_21' title="bbox 177 1935 2143 2008; baseline -0.001 -17"><span class='ocrx_word' id='word_1_185' title='bbox 177 1962 247 2003; x_wconf 83' lang='lat'>270</span> <span class='ocrx_word' id='word_1_186' title='bbox 270 1937 514 2007; x_wconf 91' lang='lat' dir='ltr'>colloqui,</span> <span class='ocrx_word' id='word_1_187' title='bbox 543 1956 702 2007; x_wconf 92' lang='lat' dir='ltr'>quem</span> <span class='ocrx_word' id='word_1_188' title='bbox 726 1938 970 2007; x_wconf 87' lang='lat' dir='ltr'>ignotum</span> <span class='ocrx_word' id='word_1_189' title='bbox 999 1952 1051 1990; x_wconf 94' lang='lat' dir='ltr'>et</span> <span class='ocrx_word' id='word_1_190' title='bbox 1078 1939 1157 1990; x_wconf 91' lang='lat' dir='ltr'>sui</span> <span class='ocrx_word' id='word_1_191' title='bbox 1179 1938 1334 2008; x_wconf 90' lang='lat' dir='ltr'>ipsius</span> <span class='ocrx_word' id='word_1_192' title='bbox 1360 1936 1607 2008; x_wconf 89' lang='lat' dir='ltr'>epistolae</span> <span class='ocrx_word' id='word_1_193' title='bbox 1629 1935 2019 2001; x_wconf 89' lang='lat' dir='ltr'>commendant,</span> <span class='ocrx_word' id='word_1_194' title='bbox 2044 1948 2099 1989; x_wconf 87' lang='lat' dir='ltr'>et</span> <span class='ocrx_word' id='word_1_195' title='bbox 2141 1994 2143 1996; x_wconf 60' lang='grc'><strong>,</strong></span> 
     </span>
     <span class='ocr_line' id='line_1_22' title="bbox 272 2022 2098 2095; baseline -0.001 -20"><span class='ocrx_word' id='word_1_196' title='bbox 272 2024 633 2077; x_wconf 88' lang='lat' dir='ltr'>testimonium</span> <span class='ocrx_word' id='word_1_197' title='bbox 650 2025 747 2077; x_wconf 89' lang='lat' dir='ltr'>viri</span> <span class='ocrx_word' id='word_1_198' title='bbox 763 2025 915 2090; x_wconf 86' lang='lat' dir='ltr'>illius,</span> <span class='ocrx_word' id='word_1_199' title='bbox 934 2025 1019 2076; x_wconf 91' lang='lat' dir='ltr'>cui</span> <span class='ocrx_word' id='word_1_200' title='bbox 1036 2026 1210 2077; x_wconf 89' lang='lat' dir='ltr'>omnia</span> <span class='ocrx_word' id='word_1_201' title='bbox 1231 2024 1511 2077; x_wconf 89' lang='lat' dir='ltr'>crederem.</span> <span class='ocrx_word' id='word_1_202' title='bbox 1567 2022 1747 2076; x_wconf 92' lang='lat' dir='ltr'>Sentio</span> <span class='ocrx_word' id='word_1_203' title='bbox 1763 2036 1940 2076; x_wconf 89' lang='lat' dir='ltr'>autem</span> <span class='ocrx_word' id='word_1_204' title='bbox 1958 2040 2098 2095; x_wconf 87' lang='lat' dir='ltr'>nunc</span> 
     </span>
     <span class='ocr_line' id='line_1_23' title="bbox 270 2108 2098 2181; baseline -0.001 -19"><span class='ocrx_word' id='word_1_205' title='bbox 270 2129 428 2180; x_wconf 91' lang='lat' dir='ltr'>quam</span> <span class='ocrx_word' id='word_1_206' title='bbox 454 2110 734 2163; x_wconf 89' lang='lat' dir='ltr'>honestum</span> <span class='ocrx_word' id='word_1_207' title='bbox 761 2125 890 2163; x_wconf 87' lang='lat' dir='ltr'>esset</span> <span class='ocrx_word' id='word_1_208' title='bbox 916 2125 1133 2181; x_wconf 89' lang='lat' dir='ltr'>propter</span> <span class='ocrx_word' id='word_1_209' title='bbox 1159 2111 1449 2164; x_wconf 86' lang='lat' dir='ltr'>additiones</span> <span class='ocrx_word' id='word_1_210' title='bbox 1477 2124 1530 2162; x_wconf 90' lang='lat' dir='ltr'>et</span> <span class='ocrx_word' id='word_1_211' title='bbox 1555 2110 1734 2162; x_wconf 90' lang='lat' dir='ltr'>lituras</span> <span class='ocrx_word' id='word_1_212' title='bbox 1760 2109 1894 2161; x_wconf 90' lang='lat' dir='ltr'>hanc</span> <span class='ocrx_word' id='word_1_213' title='bbox 1919 2108 2098 2161; x_wconf 87' lang='lat' dir='ltr'>rescri-</span> 
     </span>
     <span class='ocr_line' id='line_1_24' title="bbox 270 2194 2098 2266; baseline -0.001 -19"><span class='ocrx_word' id='word_1_214' title='bbox 270 2195 408 2261; x_wconf 91' lang='lat' dir='ltr'>bere,</span> <span class='ocrx_word' id='word_1_215' title='bbox 436 2196 527 2248; x_wconf 91' lang='lat' dir='ltr'>sed</span> <span class='ocrx_word' id='word_1_216' title='bbox 553 2197 886 2266; x_wconf 88' lang='lat' dir='ltr'>occupationi</span> <span class='ocrx_word' id='word_1_217' title='bbox 914 2216 970 2248; x_wconf 94' lang='lat' dir='ltr'>ac</span> <span class='ocrx_word' id='word_1_218' title='bbox 997 2197 1294 2266; x_wconf 83' lang='lat' dir='ltr'>fatigationi</span> <span class='ocrx_word' id='word_1_219' title='bbox 1322 2203 1466 2248; x_wconf 83' lang='lat' dir='ltr'>meae</span> <span class='ocrx_word' id='word_1_220' title='bbox 1493 2210 1584 2248; x_wconf 92' lang='lat' dir='ltr'>tua</span> <span class='ocrx_word' id='word_1_221' title='bbox 1609 2209 1788 2266; x_wconf 90' lang='lat' dir='ltr'>parcat</span> <span class='ocrx_word' id='word_1_222' title='bbox 1815 2194 2098 2260; x_wconf 90' lang='lat' dir='ltr'>urbanitas,</span> 
     </span>
     <span class='ocr_line' id='line_1_25' title="bbox 271 2280 2099 2353; baseline -0.001 -19"><span class='ocrx_word' id='word_1_223' title='bbox 271 2296 324 2334; x_wconf 90' lang='lat' dir='ltr'>et</span> <span class='ocrx_word' id='word_1_224' title='bbox 350 2301 712 2353; x_wconf 89' lang='lat' dir='ltr'>quaecumque</span> <span class='ocrx_word' id='word_1_225' title='bbox 737 2283 909 2335; x_wconf 91' lang='lat' dir='ltr'>oculos</span> <span class='ocrx_word' id='word_1_226' title='bbox 933 2283 1168 2347; x_wconf 91' lang='lat' dir='ltr'>laedunt,</span> <span class='ocrx_word' id='word_1_227' title='bbox 1197 2302 1291 2335; x_wconf 88' lang='lat' dir='ltr'>ceu</span> <span class='ocrx_word' id='word_1_228' title='bbox 1317 2282 1543 2335; x_wconf 90' lang='lat' dir='ltr'>totidem</span> <span class='ocrx_word' id='word_1_229' title='bbox 1568 2281 1710 2350; x_wconf 91' lang='lat' dir='ltr'>signa</span> <span class='ocrx_word' id='word_1_230' title='bbox 1734 2280 2099 2334; x_wconf 82' lang='lat' dir='ltr'>familiaritatis</span> 
     </span>
    </p>
   </div>
   <div class='ocr_carea' id='block_1_3' title="bbox 175 2366 1832 2439">
    <p class='ocr_par' dir='ltr' id='par_1_3' title="bbox 175 2366 1832 2439">
     <span class='ocr_line' id='line_1_26' title="bbox 175 2366 1832 2439; baseline 0.001 -21"><span class='ocrx_word' id='word_1_231' title='bbox 175 2390 246 2432; x_wconf 86' lang='lat'>275</span> <span class='ocrx_word' id='word_1_232' title='bbox 271 2369 498 2437; x_wconf 90' lang='lat' dir='ltr'>aspiciat.</span> <span class='ocrx_word' id='word_1_233' title='bbox 563 2369 706 2422; x_wconf 89' lang='lat' dir='ltr'>Vale.</span> <span class='ocrx_word' id='word_1_234' title='bbox 773 2369 1037 2439; x_wconf 89' lang='lat' dir='ltr'>Arquade,</span> <span class='ocrx_word' id='word_1_235' title='bbox 1069 2389 1116 2422; x_wconf 87' lang='lat' dir='ltr'>V.</span> <span class='ocrx_word' id='word_1_236' title='bbox 1152 2369 1410 2422; x_wconf 85' lang='lat' dir='ltr'>Kalendas</span> <span class='ocrx_word' id='word_1_237' title='bbox 1441 2366 1832 2438; x_wconf 86' lang='lat' dir='ltr'>Maias&#39;[1374].</span> 
     </span>
    </p>
   </div>
   <div class='ocr_carea' id='block_1_4' title="bbox 270 2578 2096 2659">
    <p class='ocr_par' dir='ltr' id='par_1_4' title="bbox 270 2578 2096 2659">
     <span class='ocr_line' id='line_1_27' title="bbox 270 2578 2096 2659; baseline 0.001 -22"><span class='ocrx_word' id='word_1_238' title='bbox 270 2579 479 2638; x_wconf 81' lang='lat' dir='ltr'>lanino</span> <span class='ocrx_word' id='word_1_239' title='bbox 527 2578 800 2659; x_wconf 68' lang='lat' dir='ltr'>[Domino]</span> <span class='ocrx_word' id='word_1_240' title='bbox 844 2581 1231 2640; x_wconf 80' lang='lat' dir='ltr'>Grammatico</span> <span class='ocrx_word' id='word_1_241' title='bbox 1276 2582 1627 2641; x_wconf 78' lang='lat' dir='ltr'>Placentim.</span> <span class='ocrx_word' id='word_1_242' title='bbox 1715 2580 1840 2640; x_wconf 87' lang='lat' dir='ltr'><em>Sen.</em></span> <span class='ocrx_word' id='word_1_243' title='bbox 1882 2580 1998 2640; x_wconf 88' lang='lat' dir='ltr'>xvi.</span> <span class='ocrx_word' id='word_1_244' title='bbox 2041 2597 2096 2658; x_wconf 90' lang='lat'>7.</span> 
     </span>
    </p>
   </div>
   <div class='ocr_carea' id='block_1_5' title="bbox 226 2688 2102 3289">
    <p class='ocr_par' dir='ltr' id='par_1_5' title="bbox 398 2688 2098 2859">
     <span class='ocr_line' id='line_1_28' title="bbox 399 2688 2098 2773; baseline 0.001 -20"><span class='ocrx_word' id='word_1_245' title='bbox 399 2701 543 2766; x_wconf 91' lang='lat' dir='ltr'>OLI,</span> <span class='ocrx_word' id='word_1_246' title='bbox 579 2703 757 2767; x_wconf 88' lang='lat' dir='ltr'>amice,</span> <span class='ocrx_word' id='word_1_247' title='bbox 794 2702 917 2767; x_wconf 90' lang='lat' dir='ltr'>noli,</span> <span class='ocrx_word' id='word_1_248' title='bbox 952 2703 1180 2769; x_wconf 91' lang='lat' dir='ltr'>obsecr0,</span> <span class='ocrx_word' id='word_1_249' title='bbox 1210 2688 1270 2755; x_wconf 85' lang='lat' dir='ltr'>in</span> <span class='ocrx_word' id='word_1_250' title='bbox 1308 2717 1516 2773; x_wconf 91' lang='lat' dir='ltr'>arrepto</span> <span class='ocrx_word' id='word_1_251' title='bbox 1547 2703 1647 2755; x_wconf 93' lang='lat' dir='ltr'>hoc</span> <span class='ocrx_word' id='word_1_252' title='bbox 1679 2702 1956 2773; x_wconf 90' lang='lat' dir='ltr'>praecipue</span> <span class='ocrx_word' id='word_1_253' title='bbox 1989 2716 2098 2755; x_wconf 91' lang='lat' dir='ltr'>tam</span> 
     </span>
     <span class='ocr_line' id='line_1_29' title="bbox 398 2788 2098 2859; baseline 0.001 -21"><span class='ocrx_word' id='word_1_254' title='bbox 398 2788 628 2856; x_wconf 90' lang='lat' dir='ltr'>specioso</span> <span class='ocrx_word' id='word_1_255' title='bbox 655 2788 781 2839; x_wconf 91' lang='lat' dir='ltr'>calle</span> <span class='ocrx_word' id='word_1_256' title='bbox 804 2788 1103 2854; x_wconf 89' lang='lat' dir='ltr'>lentescere,</span> <span class='ocrx_word' id='word_1_257' title='bbox 1132 2808 1245 2841; x_wconf 90' lang='lat' dir='ltr'>eam</span> <span class='ocrx_word' id='word_1_258' title='bbox 1271 2807 1430 2859; x_wconf 92' lang='lat' dir='ltr'>quam</span> <span class='ocrx_word' id='word_1_259' title='bbox 1460 2788 1754 2859; x_wconf 88' lang='lat' dir='ltr'>praetendis</span> <span class='ocrx_word' id='word_1_260' title='bbox 1781 2789 1849 2841; x_wconf 96' lang='lat' dir='ltr'>ob</span> <span class='ocrx_word' id='word_1_261' title='bbox 1875 2806 2098 2854; x_wconf 89' lang='lat' dir='ltr'>causam,</span> 
     </span>
    </p>

    <p class='ocr_par' dir='ltr' id='par_1_6' title="bbox 226 2873 2102 3289">
     <span class='ocr_line' id='line_1_30' title="bbox 273 2873 2099 2945; baseline 0.001 -21"><span class='ocrx_word' id='word_1_262' title='bbox 273 2873 416 2942; x_wconf 92' lang='lat' dir='ltr'>quod</span> <span class='ocrx_word' id='word_1_263' title='bbox 438 2874 600 2925; x_wconf 90' lang='lat' dir='ltr'>virtus</span> <span class='ocrx_word' id='word_1_264' title='bbox 624 2874 816 2926; x_wconf 89' lang='lat' dir='ltr'>scilicet</span> <span class='ocrx_word' id='word_1_265' title='bbox 840 2875 1191 2945; x_wconf 88' lang='lat' dir='ltr'>honestaeque</span> <span class='ocrx_word' id='word_1_266' title='bbox 1214 2890 1345 2927; x_wconf 89' lang='lat' dir='ltr'>artes</span> <span class='ocrx_word' id='word_1_267' title='bbox 1370 2889 1543 2927; x_wconf 90' lang='lat' dir='ltr'>nostra</span> <span class='ocrx_word' id='word_1_268' title='bbox 1566 2889 1736 2927; x_wconf 89' lang='lat' dir='ltr'>aetate</span> <span class='ocrx_word' id='word_1_269' title='bbox 1759 2894 1862 2927; x_wconf 90' lang='lat' dir='ltr'>esse</span> <span class='ocrx_word' id='word_1_270' title='bbox 1884 2873 2099 2945; x_wconf 90' lang='lat' dir='ltr'>quidem</span> 
     </span>
     <span class='ocr_line' id='line_1_31' title="bbox 271 2959 2102 3030; baseline 0.001 -20"><span class='ocrx_word' id='word_1_271' title='bbox 271 2960 379 3011; x_wconf 90' lang='lat' dir='ltr'>sine</span> <span class='ocrx_word' id='word_1_272' title='bbox 405 2959 602 3011; x_wconf 93' lang='lat' dir='ltr'>honore</span> <span class='ocrx_word' id='word_1_273' title='bbox 627 2960 904 3013; x_wconf 89' lang='lat' dir='ltr'>videantur</span> <span class='ocrx_word' id='word_1_274' title='bbox 938 3001 950 3013; x_wconf 90' lang='lat'><strong>.</strong></span> <span class='ocrx_word' id='word_1_275' title='bbox 988 3001 1000 3013; x_wconf 91' lang='lat'><strong>.</strong></span> <span class='ocrx_word' id='word_1_276' title='bbox 1038 3002 1050 3012; x_wconf 91' lang='lat'><strong>.</strong></span> <span class='ocrx_word' id='word_1_277' title='bbox 1122 2960 1252 3030; x_wconf 69' lang='lat' dir='ltr'><em>[The</em></span> <span class='ocrx_word' id='word_1_278' title='bbox 1281 2962 1444 3030; x_wconf 79' lang='lat' dir='ltr'>rarity</span> <span class='ocrx_word' id='word_1_279' title='bbox 1471 2961 1528 3030; x_wconf 87' lang='lat' dir='ltr'>os</span> <span class='ocrx_word' id='word_1_280' title='bbox 1549 2962 1713 3013; x_wconf 83' lang='lat' dir='ltr'>virtue</span> <span class='ocrx_word' id='word_1_281' title='bbox 1739 2962 1793 3013; x_wconf 83' lang='lat' dir='ltr'>in</span> <span class='ocrx_word' id='word_1_282' title='bbox 1821 2961 1948 3014; x_wconf 82' lang='lat' dir='ltr'>these</span> <span class='ocrx_word' id='word_1_283' title='bbox 1977 2960 2102 3030; x_wconf 76' lang='lat' dir='ltr'>days</span> 
     </span>
     <span class='ocr_line' id='line_1_32' title="bbox 226 3046 2102 3115; baseline 0.001 -18"><span class='ocrx_word' id='word_1_284' title='bbox 226 3070 249 3112; x_wconf 87' lang='lat'>5</span> <span class='ocrx_word' id='word_1_285' title='bbox 274 3065 437 3097; x_wconf 83' lang='lat' dir='ltr'>causes</span> <span class='ocrx_word' id='word_1_286' title='bbox 476 3047 520 3098; x_wconf 79' lang='lat' dir='ltr'>it</span> <span class='ocrx_word' id='word_1_287' title='bbox 561 3058 604 3097; x_wconf 89' lang='lat' dir='ltr'>to</span> <span class='ocrx_word' id='word_1_288' title='bbox 645 3046 698 3097; x_wconf 82' lang='lat' dir='ltr'>be</span> <span class='ocrx_word' id='word_1_289' title='bbox 738 3046 808 3097; x_wconf 87' lang='lat' dir='ltr'>all</span> <span class='ocrx_word' id='word_1_290' title='bbox 850 3046 927 3097; x_wconf 84' lang='lat' dir='ltr'>the</span> <span class='ocrx_word' id='word_1_291' title='bbox 967 3065 1092 3098; x_wconf 80' lang='lat' dir='ltr'>more</span> <span class='ocrx_word' id='word_1_292' title='bbox 1131 3047 1327 3099; x_wconf 83' lang='lat' dir='ltr'>valued.</span> <span class='ocrx_word' id='word_1_293' title='bbox 1401 3047 1482 3098; x_wconf 83' lang='lat' dir='ltr'>He</span> <span class='ocrx_word' id='word_1_294' title='bbox 1520 3047 1626 3099; x_wconf 80' lang='lat' dir='ltr'>will</span> <span class='ocrx_word' id='word_1_295' title='bbox 1663 3059 1864 3099; x_wconf 81' lang='lat' dir='ltr'>venture</span> <span class='ocrx_word' id='word_1_296' title='bbox 1906 3059 1950 3099; x_wconf 87' lang='lat' dir='ltr'>to</span> <span class='ocrx_word' id='word_1_297' title='bbox 1984 3047 2102 3115; x_wconf 81' lang='lat' dir='ltr'>give</span> 
     </span>
     <span class='ocr_line' id='line_1_33' title="bbox 274 3131 2102 3204; baseline 0.001 -20"><span class='ocrx_word' id='word_1_298' title='bbox 274 3133 516 3185; x_wconf 84' lang='lat' dir='ltr'>instances</span> <span class='ocrx_word' id='word_1_299' title='bbox 521 3132 659 3201; x_wconf 85' lang='lat' dir='ltr'>from</span> <span class='ocrx_word' id='word_1_300' title='bbox 682 3132 759 3184; x_wconf 78' lang='lat' dir='ltr'>his</span> <span class='ocrx_word' id='word_1_301' title='bbox 780 3151 883 3184; x_wconf 81' lang='lat' dir='ltr'>own</span> <span class='ocrx_word' id='word_1_302' title='bbox 905 3132 994 3201; x_wconf 82' lang='lat' dir='ltr'>life</span> <span class='ocrx_word' id='word_1_303' title='bbox 1017 3133 1073 3201; x_wconf 76' lang='lat' dir='ltr'>qf</span> <span class='ocrx_word' id='word_1_304' title='bbox 1089 3133 1167 3184; x_wconf 85' lang='lat' dir='ltr'>the</span> <span class='ocrx_word' id='word_1_305' title='bbox 1188 3133 1367 3185; x_wconf 83' lang='lat' dir='ltr'>honour</span> <span class='ocrx_word' id='word_1_306' title='bbox 1382 3133 1511 3202; x_wconf 81' lang='lat' dir='ltr'>paid</span> <span class='ocrx_word' id='word_1_307' title='bbox 1535 3146 1579 3185; x_wconf 87' lang='lat' dir='ltr'>to</span> <span class='ocrx_word' id='word_1_308' title='bbox 1599 3131 1868 3204; x_wconf 66' lang='lat' dir='ltr'>learning]</span> <span class='ocrx_word' id='word_1_309' title='bbox 1908 3133 2102 3185; x_wconf 88' lang='lat' dir='ltr'>Nonne</span> 
     </span>
     <span class='ocr_line' id='line_1_34' title="bbox 273 3217 2101 3289; baseline -0.001 -18"><span class='ocrx_word' id='word_1_310' title='bbox 273 3218 434 3287; x_wconf 90' lang='lat' dir='ltr'>igitur</span> <span class='ocrx_word' id='word_1_311' title='bbox 461 3218 722 3284; x_wconf 89' lang='lat' dir='ltr'>audivisti,</span> <span class='ocrx_word' id='word_1_312' title='bbox 745 3232 804 3270; x_wconf 90' lang='lat' dir='ltr'>ut</span> <span class='ocrx_word' id='word_1_313' title='bbox 827 3238 922 3286; x_wconf 89' lang='lat' dir='ltr'>ego</span> <span class='ocrx_word' id='word_1_314' title='bbox 942 3219 1066 3288; x_wconf 91' lang='lat' dir='ltr'>ipse,</span> <span class='ocrx_word' id='word_1_315' title='bbox 1089 3221 1181 3289; x_wconf 91' lang='lat' dir='ltr'>qui</span> <span class='ocrx_word' id='word_1_316' title='bbox 1207 3220 1264 3285; x_wconf 91' lang='lat' dir='ltr'>si,</span> <span class='ocrx_word' id='word_1_317' title='bbox 1288 3238 1393 3272; x_wconf 91' lang='lat' dir='ltr'>non</span> <span class='ocrx_word' id='word_1_318' title='bbox 1415 3219 1583 3272; x_wconf 89' lang='lat' dir='ltr'>dicam</span> <span class='ocrx_word' id='word_1_319' title='bbox 1605 3238 1726 3273; x_wconf 91' lang='lat' dir='ltr'>cum</span> <span class='ocrx_word' id='word_1_320' title='bbox 1747 3218 1991 3289; x_wconf 88' lang='lat' dir='ltr'>antiquis,</span> <span class='ocrx_word' id='word_1_321' title='bbox 2011 3217 2101 3271; x_wconf 91' lang='lat' dir='ltr'>sed</span> 
     </span>
    </p>
   </div>
  </div>
 </body>
</html>
