2242 3600
236 189 331 242 114
421 165 807 224 GVIDONI
866 170 1567 224 ARCHIEPISCOPO
1624 167 2067 222 GENVENSI

232 302 374 354 uncis
414 302 536 354 inde
575 303 924 371 negotiorum,
965 302 1086 354 hinc
1125 301 1225 353 loci
1266 300 1510 353 distantia
1550 300 1907 352 retrahuntur.
1977 297 2068 351 'Sic

233 401 341 452 est3
380 389 723 440 sanctissimus
753 389 933 458 hospes
962 407 1122 453 meus,
1151 402 1211 440 ut
1245 386 1606 438 consolationis
1635 386 1920 456 plurimum
1953 405 2068 438 cor-

233 475 395 545 porali
430 494 519 527 sua
555 475 842 544 praesentia
878 489 1053 544 atque,
1091 488 1151 526 ut
1188 493 1319 538 reor,
1355 472 1610 543 spirituali
1647 474 1805 524 etiam
1841 486 2068 543 praestat

165 582 214 622 50
235 561 440 626 auxilio,
469 562 539 612 sic
571 560 728 612 taedii
758 580 814 612 ac
844 558 1038 612 fastidii
1067 560 1296 612 multum
1326 560 1517 629 eripit3
1567 558 1792 624 salutari,
1823 561 2068 629 frequen-

236 647 350 711 tari,
378 646 639 711 celebrari,
667 646 852 716 premi,
879 647 1051 716 aspici.
1112 646 1195 698 Ab
1221 647 1297 697 his
1323 645 1542 698 stimulis
1570 659 1719 697 tanto
1744 644 1838 697 sub
1864 645 2070 716 hospite

235 733 560 802 conquiesco,
597 747 648 783 et
683 732 827 784 velut
862 731 968 783 alto
1002 733 1152 783 maris
1188 752 1215 783 e
1247 731 1401 784 litore
1434 731 1679 802 procellas
1713 730 1866 784 video
1898 733 2069 800 frago-

236 837 450 888 remque
472 818 642 883 audi0,
663 818 752 869 sed
777 817 1022 870 fluctibus
1050 838 1156 870 non
1177 819 1468 887 contingor.
1521 817 1597 869 Ac
1622 818 1663 869 si
1690 817 1902 887 quando
1929 830 2069 870 trans

235 905 395 957 limen
422 905 503 957 vel
531 904 688 957 eundi
715 919 918 970 votum,
947 904 1029 957 vel
1054 905 1252 958 visendi
1281 905 1480 957 domini
1508 923 1591 956 me
1620 904 1860 956 debitum
1888 905 2070 970 trahit,

164 1003 214 1045 5⁵
239 1010 344 1061 quo
383 991 513 1042 nihil
551 1010 634 1042 me
673 991 814 1043 aliud
852 1010 1010 1061 quam
1048 991 1285 1044 voluntas
1325 1011 1436 1043 rara
1474 991 1653 1060 adigit,
1693 990 1775 1043 vel
1812 991 2069 1057 honestaS,

196 1086 202 1147 ξ
239 1092 354 1130 tum
381 1078 561 1129 dextra
584 1077 831 1147 laevaque
854 1076 995 1129 flexis
1022 1078 1178 1130 oculis
1205 1092 1258 1130 et
1282 1078 1476 1131 labellis
1502 1078 1697 1142 clausis,
1724 1091 1859 1129 nutu
1883 1078 2069 1129 frontis

237 1165 436 1215 eminus
467 1164 690 1216 salutans
721 1164 1077 1234 salutatusque
1107 1178 1394 1234 praetereo,
1427 1164 1501 1215 nil
1530 1165 1584 1216 in
1617 1164 1837 1215 transitu
1855 1164 2069 1253 patiens

239 1269 344 1320 quo
370 1251 573 1318 fatiger.

304 1337 416 1388 Iam
454 1336 518 1387 de
555 1336 761 1406 reliquis
799 1351 851 1388 et
889 1337 1093 1390 brevior
1129 1352 1182 1389 et
1219 1339 1393 1389 notior
1430 1338 1527 1390 tibi
1564 1337 1689 1389 olim
1725 1337 1939 1389 historia
1974 1351 2068 1390 est.

166 1434 217 1473 60
237 1423 319 1474 Ne
351 1422 480 1492 quid
513 1437 689 1474 tamen
720 1424 951 1475 variante
983 1425 1212 1489 fortuna,
1246 1438 1306 1476 ut
1340 1424 1418 1489 fit,
1453 1424 1517 1475 de
1548 1423 1758 1476 vivendi
1791 1437 2069 1476 consuetu-

238 1509 359 1560 dine
384 1510 727 1561 immutatum
759 1510 1043 1579 suspiceriS,
1073 1510 1164 1580 qui
1197 1512 1416 1575 fueram,
1443 1528 1573 1562 sum.
1642 1509 1858 1562 Victum
1891 1529 2069 1562 meum

238 1597 390 1660 nosti,
430 1614 671 1647 somnum
712 1615 939 1666 quoque.
1023 1597 1118 1648 His
1157 1611 1217 1648 ut
1257 1589 1467 1662 addam!
1487 1596 1626 1648 nulla
1666 1596 1796 1648 mihi
1834 1615 2068 1666 unquam

236 1683 448 1732 fortuna
475 1682 687 1732 suaserit
710 1702 723 1746 3
776 1681 930 1733 demo
957 1682 1131 1751 potius
1162 1682 1358 1752 aliquid
1386 1683 1441 1734 in
1471 1682 1594 1746 dies,
1624 1683 1833 1752 iamque
1861 1701 1924 1733 eo
1950 1701 2069 1752 per-

235 1781 453 1820 ventum
488 1782 562 1818 est
597 1782 658 1819 ut
692 1767 958 1820 modicum
994 1768 1132 1819 demi
1166 1769 1341 1838 possit.
1412 1769 1657 1838 Denique
1690 1788 1796 1820 non
1828 1768 1869 1820 si
1902 1769 2070 1837 regiae

167 1867 214 1919 65
237 1873 356 1923 opes
398 1853 720 1919 advenerint,
763 1868 852 1906 aut
894 1874 921 1906 e
961 1873 1135 1906 mensa
1174 1854 1528 1923 frugalitatem
1568 1854 1759 1924 pellere
1797 1868 2068 1924 poterunt,

239 1954 328 1991 aut
375 1940 429 1991 in
477 1939 778 1992 cubiculum
824 1940 1002 2009 longos
1049 1959 1253 1992 somnos
1303 1959 1564 1992 arcessere.
1649 1941 1937 2010 Nunquam
1980 1948 2069 1993 ‘me

236 2045 417 2078 sanum
454 2046 510 2079 ac
545 2027 753 2096 vigilem
788 2028 951 2080 lectus
988 2027 1163 2092 habet,
1201 2046 1471 2097 nunquam
1507 2028 1603 2079 nisi
1638 2046 1786 2096 aeger
1821 2041 1911 2079 aut
1948 2026 2068 2078 dor-

240 2114 401 2165 miens
447 2114 617 2165 stratis
665 2133 852 2167 versor.
937 2113 1102 2166 Simul
1148 2128 1200 2166 et
1247 2133 1332 2165 me
1376 2132 1583 2165 somnus
1630 2127 1684 2164 et
1731 2132 1827 2182 ego
1870 2112 2069 2164 lectum

239 2199 415 2251 desero
447 2241 459 2251 .
494 2241 505 2251 .
541 2241 552 2251 .
620 2198 743 2268 [His
769 2202 870 2252 aim
897 2202 941 2252 is
969 2213 1012 2252 to
1041 2213 1190 2252 waste
1216 2219 1271 2252 as
1297 2200 1428 2252 little
1456 2201 1571 2252 time
1598 2218 1653 2250 as
1671 2196 1879 2268 possible
1905 2218 1963 2250 on
1991 2198 2070 2250 the

169 2304 217 2344 70
239 2304 349 2337 care
375 2285 431 2354 of
449 2285 526 2336 the
552 2285 715 2356 body]

311 2371 375 2422 Id
423 2371 685 2424 enimvero
733 2373 854 2442 quia
900 2393 996 2443 pro
1054 2374 1303 2426 varietate
1362 2387 1662 2442 temporum
1720 2390 1776 2423 ac
1833 2371 2069 2424 locorum

237 2458 419 2510 variari
451 2472 679 2527 oportet,
713 2473 765 2510 et
799 2459 950 2528 quale
985 2459 1114 2510 mihi
1154 2477 1292 2511 nunc
1323 2459 1407 2524 sit,
1437 2459 1531 2510 nisi
1559 2457 1750 2522 audiaS,
1779 2475 1924 2518 nosse
1962 2475 2069 2510 non

238 2557 404 2612 poteS,
428 2543 612 2595 dicam.
676 2534 813 2595 Arno
839 2544 1194 2610 solitudinem,
1218 2559 1278 2597 ut
1306 2544 1460 2609 sole0,
1489 2558 1762 2613 sectorque
1782 2543 2068 2608 silentium,

239 2630 333 2680 nisi
371 2630 509 2681 inter
548 2631 734 2682 amicos
773 2631 911 2682 inter
949 2650 1077 2701 quos
1130 2649 1284 2683 nemo
1337 2650 1421 2682 me
1458 2629 1742 2700 loquacior,
1782 2630 1915 2681 hanc
1953 2648 2068 2682 reor

171 2727 218 2770 7⁵
239 2715 306 2767 ob
342 2734 544 2767 causam
580 2716 723 2785 quod
762 2717 1046 2768 amicorum
1085 2717 1372 2786 praesentia
1405 2715 1559 2768 solito
1597 2716 1757 2767 rarior
1791 2734 1930 2767 nunc
1970 2729 2067 2768 est.

241 2801 439 2852 Raritas
489 2815 665 2853 autem
716 2801 1026 2854 desiderium
1076 2801 1329 2854 accendit.
1416 2800 1577 2871 Saepe
1624 2801 1786 2870 igitur
1812 2818 2066 2875 annuum

238 2886 503 2938 silentium
546 2886 744 2954 *diurna
800 2888 1118 2958 loquacitate
1174 2905 1470 2957 compenSO,
1528 2905 1838 2957 rursumque
1893 2885 2068 2938 amicis

241 2972 552 3024 abeuntibus
603 2986 777 3024 mutus
828 2973 912 3025 fio.
999 2974 1373 3044 Importunum
1422 2974 1693 3042 negotium
1741 2991 1863 3025 cum
1910 2971 2068 3040 vulgo

240 3058 402 3128 loqui,
451 3071 540 3110 aut
587 3058 801 3110 omnino
847 3077 967 3110 cum
1014 3060 1226 3111 homine
1271 3077 1429 3129 quem
1481 3078 1586 3111 non
1632 3077 1777 3111 amor
1829 3057 1927 3110 tibi
1978 3075 2068 3110 seu

170 3158 220 3200 80
245 3143 481 3195 doctrina
501 3143 758 3196 conciliet.
817 3143 1067 3196 Ceterum
1090 3164 1232 3196 more
1252 3144 1477 3210 illorum,
1500 3145 1609 3214 qui,
1631 3159 1691 3198 ut
1713 3145 1784 3197 ait
1806 3143 2067 3208 AnnaeuS,

231 3229 310 3301 ‚de
339 3230 474 3298 vitae
503 3229 737 3299 partibus
768 3229 1055 3283 deliberant
1088 3250 1191 3283 non
1221 3230 1446 3296 demta,
1477 3231 1807 3300 ingruentem
1836 3229 2069 3298 cogitans
