2242 3600
574 155 971 209 IOHANNI
1030 155 1139 207 DE
1196 153 1678 207 CERTALDO
1979 169 2039 223 71

203 285 458 356 propositi
488 285 591 336 mei
618 302 894 348 summam,
926 303 992 335 ne
1020 282 1150 353 quid
1178 282 1260 335 vel
1290 282 1645 335 admirationis
1674 281 1757 334 vel
1785 282 2042 351 ambigui-

204 372 325 424 tatis
376 371 612 441 obrepat.
701 370 985 439 Reliquum
1036 383 1112 421 est
1163 383 1224 421 ut
1277 368 1492 421 Senatui
1543 382 1738 439 nostrQ
1779 368 1863 420 cui
1914 366 2044 438 quid
2069 384 2116 423 70

204 457 422 510 debeam
457 458 622 530 nosti,
668 475 861 530 nomen
905 474 1083 507 meum
1125 455 1303 507 sedula
1349 455 1628 507 devotione
1672 453 2041 518 commendes;

202 543 269 595 ad
299 544 425 595 haec
458 558 512 595 et
546 557 647 595 tres
679 543 1050 612 compatriotas
1082 555 1300 606 nostros,
1335 543 1561 611 optimos
1593 540 1704 593 illos
1738 540 1954 610 quidem
1986 559 2044 592 ac

202 629 589 700 probatissimos
633 629 841 693 amicos,
887 647 1131 698 quorum,
1177 646 1513 697 quocumque
1556 627 1722 691 ierim,
1767 626 1941 679 vultus
1987 645 2044 678 ac

201 716 359 769 verba
406 717 737 780 circumfero,
782 734 1018 785 quosque
1067 715 1450 767 consentientes
1499 715 1555 766 in
1604 714 2043 783 peregrinationes

200 803 516 873 longissimas
543 821 751 854 mecum
777 802 931 867 duco,
957 802 1150 854 salvere
1185 802 1359 854 iubeas
1398 821 1486 853 ore
1524 815 1635 866 tuo,
1662 801 1788 852 meis
1812 801 2042 853 vocibus.
2070 819 2115 859 75
2170 842 2201 876 ἃ

200 889 344 941 Vale.
426 888 672 941 Kalendis
702 889 860 953 Iunii,
887 888 1126 940 Veronae
1150 886 1236 957 [13
1245 887 1347 957 51].

326 1091 597 1150 Andreae
623 1090 911 1163 Dandul0,
943 1090 1099 1160 Duei
1131 1089 1488 1149 Venetorum.
1561 1090 1725 1148 Fam.
1758 1090 1835 1148 xi.
1870 1092 1923 1148 8.

329 1230 381 1282 T
423 1229 621 1300 aliquid
663 1229 729 1281 ad
771 1243 825 1280 te
875 1215 1351 1297 scribam,⁷in'clyte
1393 1229 1537 1292 DuX,
1580 1229 1702 1280 hinc
1745 1248 1859 1281 mea
1902 1229 2045 1293 fides,

298 1317 421 1368 hinc
472 1317 768 1368 humanitas
829 1330 920 1367 tua
977 1315 1223 1384 suggerit,
1274 1314 1417 1366 illinc
1469 1334 1643 1367 rerum
1694 1316 2047 1385 praesentium

202 1424 259 1456 ac
302 1418 605 1473 temporum
645 1417 809 1455 status
852 1403 1009 1471 cogit.
1088 1402 1232 1453 Haec
1273 1400 1489 1470 quidem
1530 1416 1759 1471 praestat
1800 1416 1861 1454 ut
1901 1403 2048 1472 loqui

201 1491 376 1555 velim,
416 1491 542 1542 haec
581 1504 642 1542 ut
681 1490 918 1554 audeam,
957 1489 1044 1540 ille
1082 1502 1260 1540 autem
1299 1502 1360 1540 ut
1399 1502 1571 1540 tacere
1608 1509 1881 1560 nequeam.
1925 1532 1935 1542 .
1979 1532 1990 1543 .
2033 1530 2046 1541 .

199 1577 325 1648 [His
338 1577 557 1646 feelings
585 1596 670 1628 are
697 1597 746 1628 so
775 1578 963 1628 intense
994 1576 1105 1627 that
1132 1575 1191 1627 he
1220 1588 1397 1626 cannot
1425 1575 1543 1645 keep
1571 1576 1790 1647 silence]
1854 1577 1957 1629 Sed
1986 1592 2047 1630 ut
2067 1589 2093 1631 5

203 1665 366 1717 totius
403 1664 620 1716 humani
656 1664 855 1733 generis
890 1663 1121 1715 lamenta
1157 1676 1497 1732 praeteream,
1536 1663 1748 1716 Italicus
1785 1664 1945 1717 homo
1983 1665 2048 1716 ad

203 1751 443 1805 Italicam
477 1750 742 1820 querelam
775 1751 944 1802 venio.
1016 1749 1235 1818 Surgitis
1270 1769 1409 1801 nunc
1444 1749 1510 1801 ad
1543 1769 1684 1801 arma
1718 1750 1824 1802 duo
1857 1764 2046 1821 poten-

204 1839 387 1890 tissimi
406 1837 607 1908 populi‚
631 1837 762 1889 duae
781 1836 1173 1888 florentissimae
1193 1836 1361 1901 urbeS‚
1385 1836 1507 1901 duo,
1528 1851 1590 1889 ut
1610 1836 1781 1888 dicam
1801 1837 2046 1901 breviter,

203 1924 387 1978 Italiae
425 1924 641 1988 lumina,
679 1943 830 1993 quae,
863 1937 924 1975 ut
965 1923 1094 1974 mihi
1134 1922 1350 1992 quidem
1389 1922 1616 1988 videtur,
1653 1938 2048 1994 peropportune

203 2011 335 2063 adeo
388 2010 511 2062 hinc
566 2010 727 2075 illinc,
784 2011 982 2061 circum
1037 2009 1254 2061 Ausonii
1309 2009 1446 2061 orbis
1502 2009 1723 2062 claustra
1779 2010 2048 2063 distribuit
2073 2031 2120 2059 ιο

203 2112 390 2151 natura
424 2117 624 2167 parens,
662 2111 723 2149 ut
759 2096 902 2148 vobis
940 2096 1005 2148 ad
1040 2096 1241 2148 Arcton
1276 2110 1331 2148 et
1366 2095 1433 2148 ad
1467 2110 1645 2150 ortum
1679 2097 1813 2162 solis,
1849 2097 1946 2149 illis
1983 2096 2049 2148 ad

203 2184 488 2236 Meridiem
526 2198 580 2235 et
619 2183 684 2235 ad
720 2184 977 2236 Occasum
1015 2183 1185 2247 versis,
1212 2182 1356 2235 vobis
1394 2202 1659 2253 superum,
1685 2183 1782 2235 illis
1819 2184 2047 2236 inferum

204 2291 346 2324 mare
396 2271 741 2335 frenantibus,
788 2285 906 2340 post
960 2270 1295 2322 debilitatum
1347 2269 1764 2340 inclinatumque
1814 2271 1935 2336 iam,
1982 2291 2047 2323 ne

204 2359 375 2410 dicam
396 2372 736 2428 prostratum,
760 2376 964 2427 prorsus
993 2370 1046 2408 et
1074 2357 1392 2409 exstinctum
1415 2357 1712 2409 Romanum
1736 2358 2045 2427 Imperium,

205 2445 375 2497 adhuc
416 2430 897 2513 reginamlItaliam
938 2443 1351 2513 quadripartitus
1392 2444 1527 2495 orbis
1569 2458 1884 2513 agnosceret.
1963 2445 2046 2495 De
2073 2460 2118 2501 15

205 2550 307 2601 qua
337 2551 408 2596 re,
439 2531 535 2582 etsi
564 2530 911 2600 quarumdam
940 2531 1078 2581 forte
1104 2530 1344 2598 gentium
1371 2529 1612 2599 superbia
1639 2531 1694 2582 in
1724 2531 1870 2582 terris
1898 2531 2048 2583 litem

208 2619 410 2669 factura
459 2616 717 2681 videatur,
764 2617 819 2668 in
865 2615 972 2667 alto
1018 2630 1159 2667 certe
1203 2615 1391 2668 nullius
1438 2634 1672 2685 unquam
1716 2616 2047 2686 impudentia

207 2703 613 2755 controversiam
662 2701 917 2754 movebit.
1003 2702 1256 2754 Ceterum
1304 2702 1344 2753 si
1393 2702 1447 2753 in
1496 2698 1851 2772 vosmetipsos,
1902 2703 2048 2773 quod

209 2789 405 2842 nedum
461 2803 711 2859 spectare,
762 2788 851 2840 sed
901 2789 1121 2840 ominari
1181 2789 1384 2854 horreo,
1435 2790 1668 2841 victricia
1718 2809 1858 2842 nunc
1908 2810 2049 2842 arma

209 2872 535 2937 convertitis,
558 2871 700 2924 haud
722 2871 881 2923 dubie
902 2872 1080 2923 vestris
1103 2873 1322 2942 propriis
1346 2871 1582 2924 manibus
1604 2873 1762 2924 saucii
1783 2873 2011 2943 perimus
2034 2892 2049 2936 3
2072 2894 2123 2926 πο

207 2959 387 3012 vestris
415 2958 636 3028 propriis
665 2958 902 3010 manibus
928 2957 1136 3027 spoliati
1163 2973 1217 3010 et
1244 2978 1437 3010 nomen
1465 2972 1518 3010 et
1546 2959 1724 3011 multis
1752 2960 2048 3029 quaesitum

207 3044 470 3097 laboribus
506 3045 787 3114 imperium
823 3045 974 3096 maris
1011 3045 1319 3098 amittimus.
1360 3087 1372 3097 .
1412 3086 1423 3098 .
1464 3086 1476 3097 .
1514 3044 1618 3115 [He
1654 3047 1699 3097 is
1732 3045 1956 3098 alarmed
1988 3046 2051 3116 by

213 3131 293 3183 the
317 3132 577 3200 ignorance
602 3130 703 3182 and
727 3131 1039 3201 imprudence
1063 3131 1122 3199 of
1139 3131 1217 3182 the
1237 3150 1453 3201 younger
1472 3131 1799 3202 generatim]

279 3216 573 3269 Sollicitum
617 3218 786 3269 fateor
829 3231 989 3287 atque
1033 3218 1323 3270 attonitum
1364 3237 1448 3270 me
1492 3218 1652 3270 habet
1691 3219 1890 3288 patriae
1930 3232 2051 3271 tuae
