2242 3600
270 174 334 221 82
720 167 1119 220 NICOLAO
1175 167 1660 220 LAVRENTII

201 314 248 356 45
268 294 527 348 Volvebar
564 296 618 346 in
657 296 879 346 circuitu
918 309 971 346 et
1011 314 1128 346 ecce
1167 309 1343 347 tantus
1382 295 1604 365 populus
1643 296 1738 348 sub
1777 297 1934 349 oculis
1974 297 2100 348 meis

271 396 380 434 erat
419 395 480 433 ut
519 400 640 433 eum
680 400 773 432 nec
807 381 981 432 metiri
1014 382 1187 432 animo
1220 399 1438 451 possem,
1471 395 1525 433 et
1558 383 1702 451 quasi
1734 402 1857 452 prae
1887 397 2102 453 stupore

273 468 562 519 deficerem.
630 466 1011 518 Percunctabar
1053 468 1308 519 attonitus
1347 486 1513 519 unum
1552 487 1614 519 ex
1650 468 1709 519 iis
1748 469 1839 538 qui
1877 469 2102 538 proximi

271 551 631 614 Constiterant,
664 549 916 619 quidnam
948 551 1065 601 miri
1097 550 1295 620 quidve'
1321 551 1582 619 praestigii
1613 550 1879 615 viderem3
1932 570 2103 620 neque

272 634 411 688 enim
455 652 568 684 reor
611 651 843 701 unquam
887 633 1114 701 potuisse
1155 633 1453 700 vigesimam
1496 632 1630 684 illius
1673 633 1855 702 populi
1898 647 2102 703 partem

202 740 250 779 50
272 732 428 770 terras
467 718 705 769 incolere.
792 719 805 741 ‘
829 718 941 769 Nec
980 718 1232 769 fallebaris
1251 719 1284 783 ⁹,
1313 719 1580 787 respondit
1619 718 1704 769 ille
1725 739 1738 782 3
1795 719 1934 770 ‘non
1963 719 2103 770 enim

272 805 355 855 hic
393 805 671 873 praesentis
712 818 921 855 tantum
958 804 1048 856 sed
1077 805 1250 878 omnis
1289 805 1940 881 y{9.t,u„r.i„„ae„xgi·pogulum
1977 824 2102 857 con-

272 891 466 943 venisse
511 891 728 955 noveris,
773 890 907 942 illius
952 892 1172 960 imperio
1216 892 1271 942 in
1316 892 1458 943 cuius
1504 911 1662 943 manu
1707 892 1873 943 omnis
1918 890 2104 944 mundi

273 996 404 1046 pars,
450 996 606 1028 omne
654 996 813 1045 genus
864 977 1156 1042 hominum,
1203 978 1369 1028 omnis
1415 992 1715 1047 temporum
1766 997 1938 1030 cursus
1990 978 2102 1029 est.’

274 1064 379 1114 ‘Et
429 1063 558 1132 quid
607 1063 737 1114 hic?
826 1064 1113 1132 Nunquam
1164 1064 1397 1115 homines
1450 1078 1558 1115 tam
1607 1065 1801 1116 intenti
1851 1065 2103 1116 fuerunt?

205 1168 250 1209 55
274 1150 288 1173 ‘
311 1150 611 1214 Eventum,’
651 1150 845 1219 inquit,
885 1150 1013 1202 ‘viri
1059 1150 1192 1201 illius
1240 1151 1577 1219 exspectant’
1627 1165 1680 1202 et
1727 1150 1792 1202 ad
1839 1164 1893 1202 te
1930 1149 2104 1202 oculos

274 1236 453 1311 erexit,
488 1237 502 1259 ‘
521 1235 587 1286 de
617 1255 740 1305 qu0,
773 1250 834 1287 ut
865 1235 1024 1300 vides,
1059 1255 1164 1287 non
1198 1250 1333 1287 terra
1363 1231 1548 1301 solum,
1580 1236 1670 1287 sed
1700 1236 1904 1288 coelum
1934 1237 2106 1306 ipsum

274 1336 433 1391 atque
468 1336 601 1373 astra
634 1321 984 1374 dissentiunt.'
1047 1323 1116 1373 Et
1155 1323 1230 1372 his
1271 1322 1509 1375 addidit:
1577 1321 1840 1374 ‘Audisne
1869 1340 2107 1374 murmur

274 1407 575 1459 aethereum
604 1411 620 1459 ?
647 1407 659 1430 ³
732 1407 947 1459 Intendi
983 1426 1177 1471 aurem,
1214 1421 1266 1458 et
1303 1426 1421 1458 ecce
1454 1407 1598 1460 velut
1634 1407 1952 1460 adventante
1985 1425 2106 1476 pro-

274 1493 400 1544 cella
434 1494 731 1545 tonitruum
766 1512 980 1545 raucum
1017 1493 1082 1544 de
1116 1493 1256 1545 nube
1288 1493 1587 1563 longinqua.
1659 1495 1673 1517 ‘
1697 1493 1876 1558 Mars,’
1913 1493 2106 1562 inquit,

204 1579 508 1631 60‘fulmen
560 1580 806 1644 minatur,
853 1579 942 1630 sed
988 1580 1231 1649 Iuppiter
1277 1593 1351 1630 est
1399 1579 1742 1649 tranquillus.'
1831 1579 1932 1630 ‘Et
1979 1577 2108 1648 quid

275 1666 462 1734 putas,’
516 1666 750 1734 inquam,
798 1667 943 1735 ‘quis
995 1666 1146 1717 huius
1200 1678 1377 1717 tantae
1428 1665 1823 1734 exspectationis
1864 1664 2105 1716 exitus?'

276 1753 290 1775 ‘
314 1751 493 1815 Deus,’
539 1752 732 1821 inquit,
775 1752 939 1804 ‘solus
980 1752 1143 1804 novit.
1226 1750 1327 1802 Sed
1371 1752 1600 1821 quisquis
1646 1752 1762 1815 erit,
1797 1751 1960 1802 latere
2002 1769 2110 1802 non

276 1838 472 1907 poterit
511 1857 605 1888 nec
643 1837 812 1902 sileri;
877 1839 1042 1889 omnis
1082 1838 1165 1889 hic
1204 1837 1426 1907 populus
1465 1856 1667 1906 semper
1706 1836 2004 1888 meminerit
2055 1850 2109 1887 et

273 1924 537 1994 loquetur.
621 1924 896 1983 Quantum
945 1939 1122 1976 tamen
1168 1925 1407 1976 humanis
1455 1924 1762 1975 coniecturis
1810 1922 2110 1992 praevidere

204 2024 251 2073 65
274 2010 417 2074 licet,
445 2010 594 2062 vivax
621 2024 674 2061 et
701 2011 939 2079 perennis
967 2011 1065 2061 erit
1093 2011 1244 2062 huius
1271 2010 1367 2062 viri
1393 2009 1571 2078 gloria,
1601 2009 1760 2060 modo
1793 2022 1976 2088 gentos
2003 2027 2110 2059 non

278 2097 498 2160 timeat3
561 2115 655 2147 nec
699 2096 925 2148 timebit.
1004 2096 1148 2155 Quid
1189 2096 1329 2147 enim
1371 2109 1574 2148 metuat
1615 2096 1699 2148 cui
1740 2095 1902 2146 fixum
1943 2095 2027 2159 sit,
2069 2095 2110 2145 si

277 2195 536 2251 oporteat,
576 2201 672 2251 pro
709 2182 908 2234 virtute
951 2183 1129 2234 mori?
1205 2182 1382 2234 Vnum
1420 2201 1616 2246 vereor,
1655 2200 1721 2232 ne
1758 2180 2109 2250 quorumdam

278 2288 340 2319 ex
385 2268 471 2331 eis,
518 2268 608 2336 qui
654 2286 828 2319 secum
873 2269 928 2319 in
973 2267 1203 2320 eiusdem
1249 2268 1516 2319 cacumine
1561 2267 1752 2318 montis
1797 2279 1937 2331 sunt,
1984 2265 2108 2317 fides

279 2353 495 2418 titubet,
536 2353 749 2423 oblique
787 2354 939 2405 nimis
979 2354 1142 2405 aliena
1181 2354 1525 2418 cernentium,
1566 2371 1746 2405 eorum
1784 2352 1978 2404 scilicet
2018 2352 2110 2422 qui

209 2468 257 2507 70
279 2440 343 2492 ad
368 2440 831 2509 praeeminentiam
858 2459 965 2491 non
990 2441 1142 2492 rectis
1169 2439 1464 2492 tramitibus
1491 2440 1735 2509 aspirant,
1762 2453 1815 2490 et
1843 2439 2110 2491 destructo

277 2526 367 2577 illo
400 2544 453 2577 se
485 2525 671 2577 solium
706 2526 812 2577 eius
846 2526 1107 2579 invasurOs
1142 2539 1351 2596 putant.
1423 2524 1525 2576 Sed
1558 2524 1827 2577 falluntur.
1896 2523 2111 2598 ⁸Q-inde

278 2611 375 2663 sibi
412 2611 624 2675 caverit,
658 2625 804 2663 tutus
843 2612 977 2663 erit?
1050 2613 1064 2635 ‘
1088 2612 1239 2663 Heu!
1264 2612 1278 2635 '
1330 2612 1562 2680 inquam,
1603 2612 1616 2635 ‘
1641 2610 1800 2662 ulline
1834 2611 2110 2663 hominum

283 2709 390 2745 tam
431 2695 576 2745 ferox
617 2694 967 2745 inhumanitas
1009 2695 1091 2758 sit,
1136 2708 1197 2746 ut
1239 2712 1345 2764 quo
1388 2693 1519 2745 duce
1561 2693 1626 2745 ad
1669 2707 1879 2746 tantum
1919 2693 2110 2763 gloriae

280 2779 488 2831 culmen
516 2778 819 2843 ascenderit,
851 2779 915 2830 de
943 2779 1077 2831 illius
1107 2781 1302 2848 cogitet
1332 2779 1479 2831 ruina
1507 2783 1524 2831 ?
1590 2779 1751 2844 Quid,
1782 2779 1924 2831 Deus
1955 2779 2107 2843 bone,

211 2904 257 2945 75
280 2866 553 2930 amentiae,
598 2864 727 2934 quid
769 2866 953 2916 furoris
995 2867 1356 2935 sospitatorem
1399 2884 1552 2917 suum
1595 2885 1701 2918 non
1743 2880 1804 2918 ut
1845 2885 1897 2917 se
1937 2866 2109 2935 ipsum

281 2954 479 3005 salvum
517 2955 750 3020 cupere?
827 2950 971 3009 Quid
1008 2966 1185 3003 autem
1221 2951 1313 3017 illi,
1351 2952 1392 3002 si
1428 2971 1560 3026 pnus
1598 2952 1700 3016 hic,
1740 2951 1884 3022 quod
1921 2950 2108 3004 Omni-

282 3052 467 3108 potens
507 3050 724 3100 avertat,
765 3051 955 3100 rueret,
995 3036 1124 3106 quid
1162 3041 1361 3106 agent?
1431 3024 1735 3095 &fiff'fffice
1778 3037 2105 3090 consistent?

284 3125 403 3177 Vno
455 3122 631 3186 verb0‚
671 3140 778 3191 quo
831 3140 993 3191 usque
1044 3124 1214 3175 miseri
1264 3142 1370 3188 nOS,
1416 3123 1721 3192 praecipites
1771 3136 1889 3192 post
1937 3123 2108 3193 ipsum

283 3210 472 3264 ruent.’
548 3209 561 3232 ‘
583 3207 664 3259 Sic
708 3208 883 3273 enim‚’
923 3208 1117 3278 inquit,
1163 3208 1342 3273 ‘livor‚
1381 3226 1488 3278 quo
1530 3209 1585 3259 in
1628 3208 1809 3260 orbem
1854 3222 2107 3260 terrarum
