2242 3600
0 3218 9 3385 —ffiw-o-v—
0 3186 5 3211 -
0 3171 1 3175 Α

654 164 935 218 LVCAE
994 163 1102 216 DE
1156 162 1449 217 PENNA
1866 180 1957 235 195

126 294 417 366 alloqueris,
457 312 579 347 cum
618 308 671 347 et
710 312 805 362 ego
842 312 974 346 unus
1010 310 1144 357 sum,
1184 293 1494 362 utinamque
1530 293 1733 362 integer
1771 311 1866 346 nec
1903 295 1959 346 in

127 380 295 435 multa
338 382 589 435 vitiorum
633 383 823 434 frustra
868 379 1172 449 discerptus.
1257 379 1504 450 Denique
1545 380 1617 432 sic
1659 379 1956 432 Romanum

124 469 496 538 imperatorem
540 486 788 538 regesque
829 466 968 531 alios,
1011 466 1083 518 sic
1126 465 1387 518 Romanos
1431 484 1645 537 quoque
1685 466 1958 536 pontifices

125 555 320 627 alloqui
352 556 526 621 sole03
571 557 612 608 si
637 555 786 608 aliter
815 557 1056 619 facerem,
1082 553 1285 606 viderer
1316 554 1445 605 mihi
1470 553 1699 606 mentiri.
1760 553 1961 613 Quidni

126 658 322 707 autem,
351 662 472 695 cum
500 644 673 695 Iesum
699 642 972 694 Christum
997 641 1169 711 ipsum
1195 659 1370 709 regem
1395 659 1578 710 regum
1605 654 1658 693 et
1685 639 1962 693 dominum
1986 662 2032 691 10

127 728 533 794 dominantium,
558 744 621 782 ut
645 729 867 780 minores
892 727 1013 780 alios
1036 727 1191 796 longe
1212 726 1337 779 licet
1363 727 1611 780 maximos
1634 726 1829 792 sileam,
1855 746 1963 780 non

126 815 276 869 aliter
309 815 636 887 alloquamur
664 819 680 868 ?
752 816 933 885 thue
964 815 1068 866 iam
1102 813 1204 878 hie,
1240 813 1386 883 quod
1418 813 1545 865 olim
1579 832 1701 866 cum
1741 815 1962 885 antiquo

124 903 243 967 feci,
288 921 425 954 novo
465 901 654 971 glorier
704 919 827 954 cum
877 901 1061 966 amiCO,
1104 899 1210 953 stili
1252 900 1403 952 huius
1447 919 1541 970 per
1583 900 1810 966 Italiam,
1854 920 1962 955 non

126 1003 310 1042 auctor
338 989 572 1059 quidem,
602 988 693 1041 sed
720 989 1037 1040 instaurator
1065 987 1175 1057 ipse
1200 986 1332 1054 mihi
1361 986 1559 1051 videor,
1591 1005 1698 1057 quo
1728 1005 1850 1040 cum
1880 989 1962 1041 uti

125 1076 410 1146 inciperem
447 1075 756 1141 adolescens,
796 1094 823 1127 a
860 1075 1148 1128 coaetaneis
1185 1073 1453 1139 irridebar‚
1493 1075 1584 1144 qui
1621 1075 1677 1127 in
1712 1075 1813 1128 hoc
1849 1077 1962 1147 ipso
1986 1098 2031 1139 ¹5

126 1163 371 1215 certatim
396 1181 481 1215 me
504 1177 685 1233 postea
707 1165 831 1215 su'nt
855 1163 1037 1214 secuti.

179 1249 353 1324 §unc
393 1250 604 1322 incipiO.
681 1249 885 1302 Multos
929 1250 1033 1301 dies
1074 1250 1130 1301 in
1169 1249 1357 1301 itinere
1396 1248 1572 1318 posuit
1614 1249 1831 1319 epistola
1872 1264 1964 1305 tua

121 1336 254 1388 ‘haec
298 1327 588 1403 novissima,
634 1336 893 1407 siquidem
944 1356 1025 1389 111.
1076 1336 1253 1388 Nonas
1300 1334 1602 1394 Februarias
1651 1335 1717 1388 ad
1762 1335 1963 1391 laevam

128 1422 372 1476 Rhodani
398 1424 566 1494 ripam
594 1424 733 1490 data,
760 1443 809 1476 x.
836 1422 1097 1477 Kalendas
1124 1420 1314 1493 Aprilis
1339 1440 1453 1474 sero
1480 1421 1768 1475 admodum
1793 1425 1963 1494 prima

124 1511 239 1563 face
261 1511 503 1581 pervenit
536 1511 593 1563 in
617 1511 711 1564 hos
742 1510 895 1563 colles
921 1511 1208 1580 Euganeos,
1235 1507 1328 1562 ubi
1363 1527 1504 1561 nunc
1532 1528 1674 1562 secus
1708 1511 1959 1565 intimum
1982 1532 2037 1563 πο

123 1597 298 1659 sinum
310 1598 462 1651 maris
479 1596 734 1651 Adriatici
749 1616 905 1650 senex
921 1611 975 1650 et
990 1596 1227 1649 infirmus
1243 1615 1273 1648 a
1287 1596 1566 1649 iuventute
1580 1595 1825 1650 dilectam
1839 1598 1960 1652 soli-

113 1684 314 1737 ‘tariam
337 1684 503 1738 vitam
530 1684 679 1755 deg0,
707 1698 909 1738 amator
933 1684 1082 1749 ruriS,
1109 1702 1224 1736 osor
1248 1682 1478 1735 urbium.
1539 1682 1764 1736 Petieras
1790 1704 1853 1737 ex
1877 1704 1964 1739 me

125 1785 188 1823 ut
216 1770 282 1823 de
306 1770 449 1823 libris
473 1771 761 1846 giceronis,
789 1772 830 1824 si
858 1789 987 1842 quos
1014 1771 1287 1824 inusitatos
1317 1784 1370 1822 et
1398 1783 1667 1822 extraneos
1695 1770 1962 1839 haberem,

128 1857 228 1910 tibi
280 1875 494 1928 quoque
546 1858 755 1911 cuidam
808 1877 977 1929 nuper
1028 1871 1219 1928 coepto
1271 1857 1416 1927 operi
1467 1856 1816 1923 subvenirem,
1871 1873 1963 1912 tua

123 1944 320 1997 scilicet
353 1946 602 2015 impensa,
639 1965 746 2016 quo
779 1946 963 1998 iustior
995 1933 1187 2016 petitio
1222 1958 1313 1997 tua
1347 1958 1493 2009 esset,
1527 1963 1751 2014 sperans,
1787 1946 1961 2013 credo,
1984 1965 2032 2008 25

126 2050 222 2084 nec
267 2031 550 2097 immeritO,
599 2051 683 2085 me
728 2033 859 2085 facie
903 2032 1027 2084 licet
1072 2031 1403 2101 incognitum
1448 2031 1676 2084 honestis
1722 2033 1961 2102 precibus

125 2117 268 2170 haud
298 2107 562 2171 difficilem
591 2121 719 2184 fore,
750 2138 839 2172 seu
869 2132 1087 2189 propter
1117 2132 1411 2188 respectum
1440 2119 1610 2170 famae
1639 2131 1778 2184 tuae,
1807 2118 1963 2189 longe

127 2205 287 2257 etiam
329 2205 626 2271 redolentiS‚
658 2225 747 2258 seu
782 2206 865 2259 vel
903 2208 1127 2259 maxime
1164 2219 1383 2276 propter
1418 2203 1553 2256 illius
1598 2207 1961 2274 reverentiam,

129 2292 273 2345 cuius
323 2292 462 2345 iussu
523 2311 652 2363 opus
710 2293 843 2346 illud
894 2312 1250 2363 assumpseraS,
1303 2292 1504 2345 domini
1556 2293 1719 2344 nostri
1769 2296 1961 2346 summi

125 2379 405 2450 pontificiS,
438 2380 530 2450 qui
562 2399 647 2432 me
679 2380 982 2450 dignatione
1020 2380 1206 2432 eximia
1245 2393 1298 2432 et
1336 2379 1433 2450 piis
1470 2379 1639 2432 verbis
1679 2398 1736 2430 ac
1773 2379 1961 2434 litteris
1982 2406 2030 2444 30

123 2483 278 2518 suum
298 2467 442 2532 fecit,
462 2485 782 2540 quamquam
805 2486 982 2519 omnes
1004 2467 1095 2537 qui
1117 2466 1314 2519 Christi
1333 2478 1456 2517 sunt
1483 2464 1760 2519 universali
1780 2465 1962 2519 debito

124 2551 204 2603 sui
254 2552 377 2607 sint.
455 2554 708 2606 Petitioni
763 2568 941 2606 tamen
994 2568 1116 2606 tuae
1168 2551 1411 2622 respondi
1465 2565 1611 2617 tune,
1657 2570 1765 2604 non
1816 2553 1962 2623 quod

124 2636 267 2691 volui
300 2638 391 2690 sed
425 2638 570 2708 quod
602 2640 790 2709 potui:
847 2640 1111 2693 Ciceronis
1144 2638 1301 2690 libros
1337 2657 1444 2690 non
1478 2656 1563 2689 me
1597 2637 1718 2690 alios
1751 2638 1961 2707 habere,

125 2743 287 2795 quam
312 2725 405 2795 qui
430 2726 783 2779 communiter
807 2726 1087 2790 habentur,
1115 2739 1169 2778 et
1194 2743 1323 2795 quos
1349 2723 1491 2776 idem
1518 2724 1759 2777 dominus
1787 2741 1962 2779 noster

125 2808 304 2876 habet,
340 2809 422 2863 vel
457 2824 519 2863 ut
554 2825 688 2880 puto
727 2812 886 2864 etiam
924 2813 1206 2882 pauciores.
1278 2813 1457 2865 Vnum
1493 2811 1688 2876 addidi,
1726 2812 1872 2882 quod
1908 2827 2029 2869 et35

125 2915 309 2950 verum
347 2897 469 2963 fuit,
509 2897 746 2951 habuisse
784 2917 869 2950 me
918 2899 1039 2951 alios
1080 2913 1133 2952 et
1164 2899 1407 2970 amisisse.
1494 2897 1656 2951 Cuius
1696 2899 1770 2950 rei
1806 2899 1963 2969 longa

127 2996 258 3036 esset
298 2983 531 3050 historia,
575 3003 734 3054 quam
776 2998 956 3037 tamen
996 3005 1093 3055 pro
1135 2999 1375 3055 tempore
1416 2984 1628 3038 brevem
1669 2985 1786 3038 feci.
1864 2986 1960 3039 Eas

122 3069 323 3123 litteras
355 3070 421 3122 ad
463 3084 517 3123 te
557 3090 665 3123 non
703 3071 994 3142 pervenisse
1034 3072 1122 3138 ais,
1155 3086 1209 3125 et
1249 3071 1383 3142 petis
1424 3085 1486 3125 ut
1527 3071 1774 3142 replicem
1816 3073 1962 3142 quod

121 3156 318 3226 scripsi,
337 3156 492 3210 simul
511 3171 573 3210 ut
593 3176 704 3210 rem
725 3159 879 3224 noris,
898 3158 1053 3210 simul
1072 3172 1134 3211 ut
1151 3157 1340 3211 litteris
1361 3159 1486 3211 meis
1508 3158 1793 3223 delecteriS,
1815 3160 1960 3229 quod

125 3256 186 3294 ut
216 3230 384 3313 speres
418 3258 508 3296 tua
538 3245 719 3297 caritas
752 3259 805 3298 et
844 3244 1028 3297 nobilis
1062 3259 1116 3297 te
1154 3245 1294 3315 cogit
1326 3245 1536 3316 opini03
1587 3244 1876 3316 parebitur,
1905 3262 1959 3301 et
1978 3263 2034 3303 40

998 3352 1030 3385 0
1060 3349 1090 3384 2
