2242 3600
811 193 1220 246 OLYMPIO
1274 193 1434 247 SVO
1983 209 2041 263 51

194 326 408 379 nomine
449 345 607 396 quam
647 345 742 378 suo
782 326 916 376 miro
956 325 1080 376 licet
1122 327 1272 376 fonte
1313 325 1569 393 cognosci.
1648 325 1809 384 Quod
1849 324 2045 376 idcirco

195 412 432 477 dixerim,
474 432 540 464 ne
578 413 692 482 quis
733 411 962 475 dubitet,
1003 429 1088 461 me
1126 410 1258 463 illud
1297 430 1380 462 rus
1421 430 1561 462 nunc
1599 429 1858 480 spernere,
1899 408 2044 479 quod

193 495 323 546 mihi
351 496 583 566 meisque
612 495 762 547 rebus
792 494 1119 564 aptissimum
1147 512 1351 564 semper
1377 494 1571 559 inveni,
1601 493 1693 545 ubi
1719 512 1871 562 saepe
1899 512 2042 545 curas
2065 509 2115 548 60

193 582 413 634 urbanas
439 583 630 634 rustica
655 582 836 651 requie
866 581 1199 651 permutavi3
1247 580 1392 650 quod
1418 600 1524 632 non
1551 593 1762 632 tanturn
1788 579 2044 631 electione

191 668 317 738 ipsa,
362 668 453 719 sed
497 668 780 737 agrestibus
826 668 1004 732 muris,
1050 680 1104 718 et
1151 668 1233 735 (ut
1277 667 1447 736 spero)
1494 666 1736 718 solidiore
1779 680 2041 733 cemento,

192 754 359 807 verbis
406 750 567 825 atque
612 753 926 806 carminibus
963 753 1221 806 illustrare
1260 773 1357 823 pro
1396 753 1591 806 viribus
1631 752 1828 806 studui.
1906 753 2041 818 Illic,

190 842 337 894 iuvat
384 842 523 893 enim
575 841 885 905 meminisse,
930 840 1165 909 Africam
1209 858 1380 891 meam
1431 840 1581 909 coepi
1633 853 1785 891 tanto
1835 839 2041 910 impetu

192 941 450 997 tantoque
502 928 616 979 nisu
669 927 846 991 animi,
900 940 961 979 ut
1014 945 1154 978 nunc
1204 926 1385 977 limam
1437 945 1531 995 per
1582 925 1764 977 eadem
1816 927 2039 978 referens
2062 938 2110 989 65

190 1014 423 1083 vestigia,
466 1014 575 1084 ipse
616 1032 787 1065 meam
830 1013 1117 1078 audaciam,
1160 1026 1215 1064 et
1257 1031 1444 1082 magna
1485 1013 1654 1082 operis
1695 1011 2040 1065 fundamenta

191 1101 586 1171 quodammodo
637 1102 1043 1171 perhorrescam.
1143 1100 1258 1152 Illic
1309 1113 1363 1151 et
1404 1100 1725 1169 epistolarum
1766 1100 2041 1170 utriusque

189 1186 296 1238 stili
334 1201 541 1256 partem
582 1207 689 1239 non
728 1188 985 1256 exiguam,
1017 1200 1071 1239 et
1110 1206 1276 1257 paene
1316 1200 1494 1239 totum
1525 1187 1813 1239 Bucolicum
1846 1207 2040 1242 carmen

190 1271 402 1336 absolvi,
441 1291 600 1342 quam
638 1272 783 1326 brevi
820 1272 1024 1325 dierum
1060 1273 1247 1343 spatio,
1284 1273 1325 1324 si
1361 1273 1516 1338 noris,
1553 1286 1776 1342 stupeaS.
1850 1272 2039 1326 Nullus

188 1358 330 1410 locus
358 1372 449 1410 aut
476 1358 590 1428 plus
618 1359 714 1410 otii
742 1359 985 1429 praebuit
1013 1373 1104 1412 aut
1130 1358 1366 1411 stimulos
1396 1359 1629 1411 acriores.
1693 1359 1770 1410 Ex
1797 1359 2038 1412 omnibus
2064 1383 2112 1423 70

150 1446 153 1449 ’
189 1446 338 1497 terris
378 1465 435 1497 ac
474 1446 684 1498 saeculis
712 1445 937 1521 illustres
968 1446 1102 1510 viros
1132 1446 1188 1497 in
1218 1464 1385 1497 unum
1417 1445 1762 1497 contrahendi
1792 1445 1878 1497 illa
1909 1446 2040 1498 mihi

187 1531 418 1583 solitudo
441 1531 589 1584 dedit
616 1533 868 1585 animum.
915 1532 1237 1612 {Qiffl
1250 1533 1425 1597 11111111
1442 1532 1846 1612 religiosumque
1867 1534 2039 1586 otium

186 1618 387 1687 singula
437 1618 511 1669 ibi
561 1618 772 1687 singulis
822 1618 1175 1671 voluminibus
1226 1618 1623 1691 perstringenda
1674 1632 1727 1671 et
1777 1611 2036 1673 laudanda

187 1706 403 1774 suscepi.
486 1705 734 1774 Denique
777 1705 1078 1774 11111611116111
1105 1719 1324 1779 aestum,
1371 1707 1463 1775 qui
1508 1724 1594 1757 me
1638 1705 1831 1758 multos
1877 1726 2037 1759 annos

189 1792 400 1856 torruit,
435 1805 496 1843 ut
534 1792 690 1856 nosti,
722 1811 929 1861 sperans
967 1792 1064 1843 illis
1102 1792 1418 1845 umbraculis
1454 1792 1634 1857 lenire,
1674 1812 1736 1844 eo
1772 1793 1876 1845 iam
1912 1793 2038 1846 inde
2062 1811 2108 1853 75

187 1877 251 1929 ab
280 1877 626 1931 adolescentia
653 1897 804 1948 saepe
832 1880 1131 1948 confugere,
1159 1879 1304 1932 velut
1332 1880 1387 1931 in
1415 1897 1586 1930 arcem
1614 1880 2035 1946 munitissimam,

185 1964 431 2017 solebam.
514 1964 617 2017 Sed
660 1966 763 2018 heu
808 1966 938 2017 mihi
981 1967 1231 2018 incauto!
1313 1967 1431 2036 Ipsa
1475 1984 1666 2035 nempe
1708 1966 1938 2019 remedia
1980 1969 2036 2021 in

186 2053 408 2105 exitium
445 2051 805 2105 vertebantur.
880 2053 1020 2104 Nam
1059 2067 1113 2104 et
1152 2053 1246 2118 his,
1286 2072 1411 2123 quas
1450 2071 1658 2104 mecum
1698 2051 2033 2120 adduxeram,

186 2140 320 2191 curis
361 2138 783 2204 incendentibUS,
827 2152 880 2190 et
922 2140 977 2191 in
1020 2153 1168 2191 tanta
1209 2139 1493 2191 solitudine
1534 2139 1679 2191 nullo
1721 2158 1927 2209 prorsus
1970 2142 2036 2195 ad

185 2225 491 2278 incendium
518 2239 839 2290 accurrente,
865 2225 1183 2295 desperatius
1204 2225 1422 2290 urebar3
1464 2226 1646 2296 itaque
1666 2245 1760 2295 per
1780 2245 1832 2277 os
1855 2245 2033 2280 meum
2055 2239 2107 2278 80

184 2311 395 2364 flamma
429 2312 598 2364 cordis
633 2331 910 2382 erumpens
946 2312 1241 2377 miserabili,
1275 2312 1383 2377 sed,
1419 2326 1480 2364 ut
1515 2312 1732 2383 quidam
1768 2311 2032 2380 dixerunt,

186 2399 327 2452 dulci
367 2417 637 2452 murmure
675 2399 830 2452 valles
870 2399 1181 2469 coelumque
1221 2399 1537 2469 complebat.
1614 2400 1755 2451 Hinc
1794 2399 1881 2452 illa
1916 2403 2037 2471 Q&

183 2489 366 2575 gfff-a.-.
383 2486 693 2539 iuvenilium
744 2485 985 2538 laborum
1038 2505 1276 2538 meorum
1332 2489 1547 2552 cantica,
1571 2506 1822 2558 quorum
1874 2488 2034 2540 hodie

183 2572 352 2643 pudet
399 2592 456 2624 ac
502 2573 756 2643 paenitet,
803 2572 893 2624 sed
940 2572 1125 2624 eodem
1172 2572 1358 2625 morbo
1386 2555 1620 2639 affectiS,
1668 2588 1729 2626 ut
1775 2574 2029 2641 videmus,

184 2660 554 2729 acceptissima.
629 2659 774 2718 Quid
812 2658 1025 2711 multa?
1103 2658 1173 2725 Si,
1212 2679 1578 2730 quaecumque
1614 2660 1754 2726 alibi,
1794 2680 1916 2713 cum
1953 2662 2030 2714 his
2053 2676 2101 2726 85

182 2764 317 2816 quae
347 2744 422 2796 ibi
452 2745 646 2815 scripsi,
679 2747 1034 2811 conferantur,
1065 2745 1178 2798 loca
1209 2747 1384 2798 omnia
1414 2746 1557 2798 locus
1586 2747 1690 2812 ille,
1723 2766 1808 2799 me
1838 2747 2030 2813 iudice,

182 2832 433 2884 hactenus
467 2845 695 2901 superet.
782 2833 874 2883 Est
909 2833 1087 2901 igitur,
1125 2833 1331 2903 eritque
1367 2833 1495 2885 dum
1535 2834 1730 2898 vixero,
1767 2830 1907 2886 sedes
1944 2834 2030 2887 illa

183 2917 313 2970 mihi
335 2917 640 2985 gratissima,
665 2919 1165 2969 commemoratione
1187 2918 1496 2972 iuvenilium
1520 2938 1781 2984 curarum,
1806 2938 2030 2989 quarum

182 3022 347 3072 usque
375 3002 441 3053 ad
469 3002 602 3054 hanc
631 3017 858 3055 aetatem
886 3004 941 3055 in
970 3004 1197 3074 reliquiis
1227 3004 1451 3057 elaboro.
2030 3063 2042 3075 ⁶

249 3090 647 3155 Verumtamen,
682 3091 778 3142 nisi
810 3104 1014 3142 nosmet
1046 3091 1180 3160 ipsos
1212 3091 1454 3157 fallimus,
1488 3092 1584 3144 alia
1617 3092 1874 3162 quaedam
1906 3106 2028 3145 sunt
2050 3114 2101 3152 90

181 3177 295 3229 viro
343 3176 615 3228 tractanda
662 3196 821 3246 quam
869 3196 1068 3246 puer03
1138 3190 1191 3228 et
1239 3197 1334 3246 ego
1382 3178 1523 3230 aliud
1569 3178 1655 3230 illa
1703 3192 1874 3230 aetate
1921 3198 2029 3231 non

180 3262 431 3315 videram.
491 3262 752 3315 Obstabat
776 3277 953 3315 tamen
976 3276 1120 3314 recto
1141 3263 1337 3315 iudicio
1359 3283 1535 3317 caecus
1560 3283 1705 3316 amor
1726 3286 1740 3329 3
1784 3265 2027 3317 obstabat

1053 3368 1082 3400 E
1111 3365 1141 3400 2
