2242 3600
286 209 377 274 158
443 279 447 283 ⁵
656 204 1052 257 IOHANNI
1111 205 1220 256 DE
1277 203 1759 257 CERTALDO

281 334 588 385 miraculum
610 347 781 401 auget,
803 351 980 384 caecus
1000 351 1229 402 quoque,
1249 332 1555 384 solitudines
1576 332 1731 386 Italas
1753 332 2119 404 descripsisset,

279 418 362 471 vel
386 419 620 470 Aeoliam
645 418 840 469 scilicet
866 417 947 470 vel
972 418 1241 470 Avernum
1265 418 1438 470 lacum
1465 432 1809 488 montemque
1833 419 2080 472 Circeum
2102 440 2118 484 ;

278 505 369 556 sed
412 505 660 574 quoniam
707 503 805 555 tibi
848 503 1047 573 placuit
1091 518 1151 556 ut
1196 504 1326 560 mihi
1369 518 1549 574 postea
1593 518 1770 556 totum
1814 524 1943 575 opus
1986 505 2120 558 illud

187 618 257 657 ¹30
281 591 531 641 eximium
565 589 861 653 destinares,
895 589 969 640 ibi
1002 592 1174 642 forsan
1206 591 1468 642 inveniam
1502 589 1646 659 quod
1679 609 1890 659 quaero,
1960 589 2118 662 Spem

282 690 459 727 tamen
499 676 631 727 hanc
675 675 867 726 minuit
911 675 1055 745 quod
1096 676 1291 740 scribiS,
1335 676 1527 727 misisse
1569 690 1623 727 te
1662 676 1884 729 Iliadem
1930 690 2117 744 totam,

282 763 534 831 Odysseae
574 775 750 812 autem
787 775 1008 831 partem.
1082 762 1147 813 In
1181 781 1244 813 eo
1279 761 1495 831 quidem
1529 761 1665 813 libro
1701 775 1778 813 est
1813 761 1958 832 quod
1990 763 2120 815 scire

280 847 452 901 velim.
515 848 686 899 Miror
710 866 830 899 sane
856 847 987 916 quid
1012 848 1086 899 ita
1111 847 1254 899 illam
1282 861 1469 912 totam,
1496 847 1648 899 huius
1674 860 1879 917 partem
1905 848 2119 915 miseris„

279 933 369 985 sed
394 935 608 984 fortasse
631 934 889 1001 integram
916 951 1023 984 non
1047 932 1308 997 habebas;
1355 932 1617 1002 quidquid
1642 933 1760 997 erit,
1785 932 1966 985 videro
1990 933 2119 987 dum

188 1041 258 1085 ¹35
282 1038 365 1070 me
384 1019 602 1071 domum
622 1037 737 1070 mea
752 1038 856 1070 sors
883 1020 1155 1083 revexerit,
1178 1018 1556 1089 transcribique
1574 1019 1762 1070 faciam
1779 1032 1832 1070 et
1850 1018 2120 1072 remittam

283 1105 399 1170 tibi,
436 1123 594 1175 quem
633 1118 779 1156 tanta
815 1124 870 1156 re
904 1105 1126 1174 privasse
1160 1105 1271 1174 pati
1307 1103 1486 1156 nolim.
1559 1104 1762 1156 Iterum
1799 1103 1898 1156 tibi
1931 1104 2120 1173 gratias

283 1210 378 1259 ago
406 1191 727 1260 Donatoque
755 1204 933 1242 nostro
959 1191 1263 1255 subirascor,
1293 1191 1385 1260 qui
1412 1209 1533 1242 cum
1559 1209 1711 1261 saepe
1739 1191 1804 1243 de
1830 1191 2118 1244 minoribus

279 1275 544 1341 scriberet,
579 1290 687 1328 tam
718 1276 817 1326 hoc
849 1277 1050 1327 factum
1081 1276 1215 1328 male
1243 1276 1404 1340 siluit,
1437 1275 1582 1346 quod
1613 1277 1788 1328 animo
1818 1295 1936 1329 meo
1964 1277 2119 1330 sciret

281 1377 334 1414 et
353 1362 488 1413 missi
511 1376 563 1413 et
582 1362 842 1413 mittentis
864 1361 1278 1413 consideratione
1298 1362 1662 1430 gratissimum.
1721 1361 1865 1414 Vale.
1922 1362 2116 1430 Ticini,

190 1477 259 1512 140
279 1447 673 1500 XIx.·Kalendas
702 1447 928 1499 Ianuarii
953 1446 1148 1517 [1365]

658 1668 911 1728 Iohanni
939 1668 1008 1728 de
1039 1666 1328 1727 CertaldO.
1411 1667 1538 1727 Sen.
1571 1668 1647 1728 vi.
1686 1686 1735 1726 1.

392 1789 519 1842 RES
570 1792 804 1859 ingentes
855 1791 1114 1860 epistolaS,
1165 1809 1296 1859 quas,
1343 1810 1480 1843 anno
1531 1791 1695 1843 altero
1743 1791 1898 1845 simul
1948 1792 2015 1845 ad
2063 1807 2120 1846 te

390 1891 651 1942 venturaS,
683 1878 779 1929 etsi
819 1897 926 1930 non
963 1876 1118 1930 simul
1147 1877 1330 1942 editas,
1359 1877 1551 1930 Ticino
1589 1878 1763 1931 abiens
1803 1878 1994 1945 dimisi,
2025 1879 2116 1934 diu

276 1963 420 2028 licet,
456 1964 597 2016 unde
632 1984 738 2016 non
774 1964 951 2016 decuit
985 1964 1281 2034 impedita3‚
1318 1963 1856 2034 tandem‘pervenisse
1889 1964 2116 2020 confido,

281 2049 485 2108 Quibus
508 2050 723 2119 quidem
746 2051 1032 2103 exhausisse
1054 2065 1181 2102 tunc
1204 2051 1438 2102 animum
1459 2052 1592 2103 visus
1615 2069 1772 2115 eram,
1796 2051 1917 2104 novi
1937 2051 2118 2122 itaque

232 2168 255 2210 5
279 2135 410 2187 m'hil
446 2150 539 2200 est,
578 2137 673 2188 nisi
709 2137 854 2206 quod
890 2156 1011 2190 cum
1047 2136 1309 2206 profunda
1346 2150 1501 2188 nocte
1535 2137 1776 2189 Venetias
1814 2139 2116 2206 attigissem,

279 2222 450 2290 primo
477 2241 629 2274 mane
654 2223 895 2274 Donatus
923 2237 1099 2274 noster
1125 2222 1190 2274 ad
1217 2241 1301 2273 me
1325 2221 1476 2275 solus.
1539 2222 1654 2274 Illic
1679 2221 1865 2287 multa,
1891 2236 1952 2274 ut
1977 2223 2118 2276 inter

280 2309 486 2373 amicos,
523 2308 776 2360 desiderio
810 2308 1143 2379 colloquendi
1177 2329 1270 2378 per
1303 2309 1589 2361 absentiam
1622 2309 1845 2373 irritato,
1878 2308 1969 2360 sed
2001 2327 2118 2379 pars

281 2395 445 2445 maior
471 2408 531 2446 ut
560 2395 750 2446 merito
778 2395 843 2446 de
871 2409 925 2446 te
951 2395 1071 2459 fuit,
1100 2395 1359 2464 simulque
1387 2395 1452 2446 de
1478 2395 1712 2446 Homero
1739 2413 1898 2465 quem
1926 2395 2118 2448 misisse

279 2494 333 2531 te
354 2481 639 2550 scripseras,
662 2481 727 2532 de
747 2500 854 2551 quo
875 2482 991 2533 istic
1012 2483 1142 2551 quid
1165 2485 1236 2535 sic
1257 2495 1434 2533 actum
1455 2500 1645 2550 quaere
1666 2501 1680 2545 ;
1721 2481 1825 2532 huc
1849 2482 1988 2533 enim
2009 2500 2116 2534 non

211 2606 256 2632 ,ο
277 2567 472 2619 venisse
504 2566 653 2619 illum
686 2568 835 2632 scito,
870 2567 1011 2620 unde
1046 2587 1131 2619 me
1163 2571 1218 2622 in
1252 2567 1358 2619 aliis
1394 2567 1459 2619 ad
1494 2581 1547 2618 te
1579 2567 1766 2618 litteris
1802 2566 1867 2619 de
1899 2567 2116 2620 Donato

279 2653 545 2704 immerito
570 2667 815 2722 questum
841 2673 1046 2723 queror.

349 2737 450 2790 Sed
493 2741 712 2791 Homeri
744 2741 945 2792 mentio
984 2759 1068 2792 me
1105 2740 1240 2792 illius
1279 2739 1546 2805 admonet,
1577 2758 1685 2809 quo
1722 2739 1807 2791 hic
1846 2739 2022 2792 medio
2058 2741 2114 2793 in

279 2825 531 2876 Latinum
568 2826 729 2878 venit.
805 2827 853 2878 O
891 2826 1025 2878 male
1059 2827 1238 2895 igitur,
1276 2847 1309 2879 o
1344 2826 1562 2896 pessime
1596 2822 1782 2878 ‘actum
1827 2825 1893 2877 de
1935 2825 2116 2878 Leone

281 2910 450 2962 dicam
483 2913 695 2963 nostro!
763 2912 922 2981 Cogit
954 2913 1093 2964 enim
1124 2913 1286 2982 pietas
1318 2926 1478 2981 atque
1506 2913 1684 2980 ingens
1716 2911 1978 2964 miseratio
2004 2911 2115 2964 sine

277 2997 547 3049 stomacho
563 2998 666 3048 iam
690 2998 754 3049 de
774 2998 864 3050 illo
884 2998 1047 3068 loqui,
1067 2998 1131 3050 de
1151 3018 1258 3068 quo
1278 2998 1482 3068 pridem
1501 2998 1667 3050 multa
1683 3016 1804 3049 cum
1824 2997 2111 3051 stomacho·

209 3104 253 3145 15
279 3084 523 3135 Mutatus
555 3097 630 3134 est
661 3085 860 3135 animus
889 3103 1093 3154 semper
1122 3103 1282 3149 meuS,
1314 3083 1598 3136 cum.illius
1628 3084 1850 3135 hominis
1879 3084 2110 3149 fortuna,

278 3187 412 3237 quae
452 3187 573 3220 cum
615 3170 797 3220 misera
836 3170 1014 3234 fuerit,
1057 3189 1196 3222 nunc
1236 3169 1494 3221 horrenda
1540 3183 1632 3221 est.
1721 3168 1910 3222 Infelix
1948 3168 2111 3221 homo

278 3254 671 3324 qualiscumque
689 3255 903 3324 quidem
929 3275 1019 3309 nos
1045 3255 1270 3320 amabat,
1289 3269 1342 3306 et
1365 3255 1406 3306 si
1419 3254 1549 3331 talis
1570 3268 1697 3306 esset
1700 3255 1825 3324 ,qui
1850 3273 1945 3306 nec
1924 3252 2122 3330 4311
2177 3287 2182 3292 ·

1729 3327 1918 3340 ..d-—
