2242 3600
218 149 280 199 28
387 145 787 198 IOHANNI
845 144 1344 199 COLVMNAE
1399 144 1897 199 CARDINALI

213 273 561 344 Meccamque
613 274 898 326 contemni.
987 274 1299 344 Compatior
1353 272 1469 338 tibi,
1522 291 1637 325 mea
1689 273 1876 326 nobilis
1927 273 2052 325 Par-

61 346 67 353 i
142 374 190 415 45
215 358 460 430 thenope.
535 359 671 411 Vere
712 373 772 411 tu
812 359 999 413 harum
1039 360 1305 431 quaelibet
1346 362 1484 413 facta
1525 378 1590 412 eS.
1669 359 1829 412 Nulla
1868 359 2052 429 pietas,

214 445 354 497 nulla
399 446 604 511 veritaS,
652 446 793 498 nulla
839 444 1002 511 fides;
1067 445 1390 500 horrendum
1439 446 1624 523 gripes*
1645 446 1852 511 animal,
1900 444 2052 498 nudis

211 531 450 601 pedibus,
515 546 702 603 operto
766 532 955 602 capite,
1020 547 1331 604 paupertate
1393 532 1695 602 superbum,
1759 531 2051 584 marcidum

213 616 406 670 deliciis
456 617 596 682 vidi;
667 617 1049 671 homunculum
1099 619 1304 672 vulsum
1356 638 1412 670 ac
1463 617 1836 684 rubicundum,
1887 617 2080 678 obesiS,

211 703 467 770 clunibus,
492 705 637 775 inopi
661 705 747 757 vix
769 705 926 774 pallio
951 719 1274 770 contectum,
1299 719 1353 757 et
1379 705 1569 757 bonam
1595 705 1822 774 corporis
1845 718 2051 775 partem

141 806 191 847 50
212 790 277 843 de
300 790 557 844 industria
583 805 908 860 retegentem
931 812 945 856 3
988 805 1148 862 atque
1171 793 1227 843 in
1254 792 1353 843 hoc
1379 791 1565 844 habitu
1593 811 1700 843 non
1724 791 1893 844 solum
1931 804 2048 844 tuos

208 875 298 928 sed
328 877 550 929 Romani
583 896 798 947 quoque
826 878 1094 931 Pontificis
1126 878 1329 942 affatus,
1357 877 1503 930 velut
1535 898 1596 930 ex
1626 877 1731 930 alta
1759 877 2050 930 sanctitatis

208 981 328 1015 suae
352 964 559 1032 specula
582 964 982 1016 insolentissime
1007 977 1453 1016 contemnentem.
1516 964 1568 1016 N
1573 983 1630 1016 ec
1655 965 1871 1017 miratus
1897 982 2011 1016 sum
2035 984 2051 1029 ;

208 1048 490 1101 radicatam
525 1050 581 1101 in
618 1070 742 1102 auro
776 1050 1075 1120 superbiam
1109 1069 1284 1102 secum
1320 1052 1439 1102 fert.
1512 1050 1755 1103 Multum
1792 1051 1950 1116 enim,
1988 1064 2051 1103 ut

207 1136 444 1188 omnium
472 1139 611 1189 fama
638 1150 731 1202 est,
761 1157 877 1188 arca
905 1138 1011 1189 eius
1039 1150 1094 1189 et
1122 1150 1244 1206 toga
1273 1136 1622 1201 dissentiunt;
1672 1156 1731 1189 ac
1757 1156 1823 1189 ne
1837 1155 2050 1214 sacrum

137 1232 185 1274 55
207 1240 399 1274 nomen
426 1223 647 1292 ignores,
679 1222 940 1275 Robertus
971 1222 1200 1286 dicitur3
1250 1222 1306 1273 in
1333 1222 1467 1274 illius
1498 1221 1717 1274 Roberti
1745 1222 2051 1275 serenissimi

206 1327 380 1378 nuper·
411 1309 540 1378 regis
576 1309 770 1375 locum,
811 1308 956 1379 quod
994 1327 1160 1361 unum
1199 1307 1354 1372 decus
1393 1308 1575 1360 aetatis
1613 1322 1820 1360 nostrae
1856 1311 2047 1375 fuerat,

205 1409 476 1447 aeternum
491 1394 730 1469 &dedecus
761 1395 1022 1448 Robertus
1049 1396 1149 1447 iste
1176 1395 1412 1447 surrexit.
1479 1395 1591 1447 Iam
1621 1396 1792 1447 minus
1822 1395 2048 1448 incredi-

206 1479 309 1533 bile
339 1480 541 1550 putabo
578 1501 606 1533 e
640 1482 832 1551 sepulti
863 1482 1088 1534 hominis
1121 1480 1350 1533 medulla
1381 1481 1519 1533 nasci
1549 1500 1695 1551 posse
1732 1495 2047 1552 serpentem,

206 1568 455 1636 quoniam
491 1587 519 1620 a
553 1568 828 1638 sepulchro
862 1569 1004 1638 regio
1039 1569 1171 1638 aspis
1203 1567 1330 1620 haec
1364 1566 1516 1620 surda
1550 1567 1807 1637 prosiluit.
1879 1567 1929 1620 O
1962 1588 2048 1621 su-

136 1662 187 1702 60
205 1673 391 1724 perum
416 1654 590 1725 pudor
613 1656 624 1708 !
673 1655 911 1725 quisnam
938 1655 1125 1708 solium
1153 1667 1307 1707 tuum
1341 1654 1547 1719 invasit,
1575 1672 1756 1723 regum
1796 1655 2000 1724 optime
2027 1659 2045 1708 ἓ

208 1740 310 1792 Sed
353 1741 479 1793 haec
509 1744 768 1814 „iprtunae
813 1741 937 1794 fides
984 1755 1078 1807 est,
1126 1760 1201 1793 res
1252 1740 1503 1792 humanas
1547 1741 1708 1792 vertit
1752 1741 1949 1810 pariter
1993 1755 2049 1794 et

207 1828 412 1880 evertit.
497 1812 622 1879 Non
668 1828 771 1881 fuit
819 1829 938 1881 satis
985 1826 1186 1880 mundo
1232 1827 1392 1879 solem
1439 1826 1722 1891 abstulisse,
1770 1827 1866 1879 nisi
1914 1841 2049 1881 atras

205 1914 416 1983 insuper
462 1914 701 1968 tenebras
747 1915 1022 1980 attulisset,
1070 1927 1125 1966 et
1171 1927 1353 1983 erepto
1398 1932 1518 1983 rege
1562 1913 1718 1966 unico
1764 1931 1870 1965 non
1916 1914 2048 1968 alter

206 1999 440 2071 qualibet
470 2002 670 2053 virtute
697 2001 913 2054 inferior
941 1999 1260 2065 succederet,
1291 1999 1380 2052 sed
1409 1999 1537 2051 haec
1566 2013 1715 2052 atrox
1745 2013 1798 2051 et
1827 1999 2047 2053 immitis

134 2094 183 2145 65
205 2087 391 2140 bellua.
422 2128 435 2140 .
465 2128 477 2140 .
509 2128 521 2139 .
550 2086 681 2157 [The
705 2087 1057 2141 denunciation
1083 2088 1139 2156 of
1157 2086 1337 2139 Robert
1363 2087 1407 2138 is
1432 2084 1731 2156 continued]

271 2173 438 2226 Multi
475 2174 615 2226 enim
652 2187 776 2227 sunt
803 2174 946 2240 taleS,
976 2187 1029 2226 et
1055 2176 1165 2226 fere
1190 2191 1368 2225 omnes
1394 2185 1601 2244 praeter
1626 2190 1792 2224 unum
1820 2172 2044 2226 Cavalli·

205 2260 364 2312 censis
399 2260 656 2312 Ecclesiae
696 2260 1005 2330 praesulem,
1043 2260 1364 2330 Philippum,
1406 2259 1497 2330 qui
1537 2258 1672 2311 solus
1706 2277 1803 2328 pro
1843 2258 2043 2313 deserta

202 2346 402 2399 iustitia
440 2359 611 2416 partes
651 2347 793 2398 facit.
871 2345 973 2398 Sed
1012 2345 1142 2416 quid
1181 2346 1338 2398 faciat
1375 2363 1538 2415 agnus
1576 2346 1758 2398 unicus
1797 2345 1851 2396 in
1893 2359 2044 2399 tanto

201 2433 448 2503 luporum
491 2432 741 2502 agmine?
820 2431 965 2492 Quid
1005 2433 1163 2486 faciat
1205 2433 1300 2484 nisi
1342 2431 1732 2503 quamprimum
1774 2432 1961 2501 fugiat,
2002 2433 2044 2486 si

137 2537 185 2578 70
202 2519 380 2589 possit,
409 2532 462 2571 et
489 2518 625 2571 ovile
649 2537 801 2571 suum
829 2532 1034 2588 repetat
1063 2523 1079 2570 ?
1145 2517 1305 2578 Quod
1330 2518 1501 2587 ipsum
1529 2516 1772 2569 meditari
1800 2516 2043 2584 arbitror,

202 2603 291 2657 sed
331 2604 663 2658 miseratione
698 2605 841 2673 regni
875 2604 1096 2656 labentis
1133 2618 1186 2656 et
1222 2604 1439 2656 ultimae
1473 2603 1839 2656 obsecrationis
1875 2605 2044 2675 regiae

207 2691 457 2743 memoria
489 2710 583 2743 ceu
613 2690 830 2760 geminis
862 2690 1201 2760 compedibus
1234 2689 1517 2741 detinetur.
1552 2729 1564 2741 .
1596 2730 1608 2741 .
1642 2730 1653 2741 .
1691 2688 1795 2758 [He
1826 2690 1939 2742 asks
1951 2691 2044 2759 for

190 2777 398 2847 further
435 2778 726 2829 instruction
762 2796 820 2828 on
855 2789 1057 2829 matters
1091 2777 1237 2829 about
1265 2775 1424 2828 which
1463 2775 1522 2827 he
1559 2775 1649 2826 has
1685 2777 1884 2828 written
1922 2777 1976 2828 in
2010 2796 2042 2828 a

207 2865 366 2916 ‘more
403 2864 583 2914 secret’
624 2862 807 2934 letter]
876 2862 1001 2927 Ter,
1035 2863 1131 2914 nisi
1167 2862 1334 2927 fallor,
1367 2874 1458 2914 aut
1496 2875 1682 2931 quater
1719 2862 1890 2931 ipsum
1931 2881 2043 2935 car-2

135 2969 184 3011 75
209 2949 334 3002 ceris
364 2948 526 3001 limen
556 2948 806 3016 ingressus
841 2948 1144 3019 (Capuanae
1174 2961 1399 3000 castrum
1434 2946 1666 3015 dicitur),
1701 2948 1890 3001 amicos
1924 2961 2042 3000 tuos

209 3034 334 3100 vidi,
368 3034 441 3086 nil
473 3034 568 3086 nisi
601 3033 667 3085 de
699 3048 752 3086 te
783 3048 1062 3103 speranteS,
1096 3034 1344 3104 quoniam
1376 3033 1628 3086 iustitiam
1662 3034 1758 3085 sibi
1789 3052 1951 3100 suam,
1984 3034 2041 3087 in

211 3140 315 3191 qua
350 3138 613 3173 summum
651 3119 964 3194 praesidium
1001 3139 1106 3173 esse
1143 3120 1412 3184 debuerat,
1452 3118 1752 3172 damnosam
1788 3120 2040 3174 hactenus

208 3206 409 3276 experti
453 3219 574 3258 sunt
596 3225 610 3270 3
676 3219 729 3258 et
773 3208 1011 3276 profecto
1054 3204 1539 3276 periculosissimum
1585 3219 1660 3257 est
1703 3204 1799 3258 sub
1843 3204 2038 3259 iniusto
