2242 3600
647 174 1064 227 GVIDONI
1107 173 1518 227 SEPTIMO
1926 190 2021 243 179

166 318 347 356 tamen
372 317 426 355 et
449 323 582 356 nova
603 323 658 354 re
678 321 963 373 percussus,
984 302 1093 354 solo
1121 316 1383 355 tremente
1407 303 1504 356 sub
1526 302 1766 372 pedibus,
1784 318 1839 354 et
1843 303 2015 381 1111911-
2091 319 2098 326 ·

150 398 276 460 ‘que
303 389 732 444 concursantibus
773 408 830 440 ac
866 378 1139 445 ruentibus
1169 388 1378 454 libellis
1406 390 1675 459 obstupui,
1708 403 1761 440 et
1792 407 2016 458 egressus
2040 411 2115 439 220

171 475 405 528 thalamo
436 475 691 528 familiam
727 493 956 544 moxque
986 473 1247 543 populum
1280 476 1628 545 trepidissime
1666 474 2017 527 fluctuantem

168 562 277 615 vidi
299 583 314 627 3
362 563 602 614 omnium
627 563 683 613 in
710 581 798 613 ore
824 562 1067 612 funereus
1095 560 1261 629 pallor
1288 577 1414 614 erat.
1479 563 1585 622 Qui
1612 562 1754 613 hunc
1779 562 2019 632 proxime

165 662 373 701 secutus
407 663 483 701 est
517 668 654 700 anno
687 647 855 698 Roma
889 634 1108 698 tremuit
1142 666 1306 717 usque
1347 648 1411 699 ad
1451 649 1657 700 ruinam
1698 647 1927 699 turrium
1959 666 2018 699 ac

168 735 509 805 templorum,
537 734 693 787 simul
721 749 774 786 et
802 747 973 803 partes
1004 733 1245 785 Etruriae
1275 749 1626 799 tremuerunt,
1657 734 1723 786 de
1749 753 1858 804 quo
1886 748 2015 786 tunc

163 820 413 872 sollicitus
453 820 519 872 ad
559 820 827 872 Socratem
867 834 1107 872 nostrum
1144 821 1337 889 scripsi.
1414 820 1571 873 Anno
1608 820 1751 873 idem
1788 821 2083 891 septimo22
2087 836 2111 879 5

166 908 386 959 tremuit
414 908 629 958 inferior
658 906 942 958 Germania
972 920 1193 975 totaque
1221 906 1393 958 Rheni
1420 907 1600 971 vallis3
1650 926 1758 977 quo
1787 922 2016 959 tremore

164 993 359 1045 Basilea
401 993 652 1058 concidit,
696 1012 803 1044 non
846 1006 956 1044 tam
998 1011 1186 1061 magna
1227 992 1350 1044 urbs
1393 1012 1553 1063 quam
1595 993 1815 1063 pulchra
1856 1008 1910 1046 et
1953 1007 2015 1046 ut

160 1079 441 1132 videbatur
462 1079 678 1145 stabilis,
702 1079 910 1149 sedst
816 1094 1000 1143 contra
1024 1094 1242 1143 naturae
1245 1094 1535 1149 lmpetum
1554 1079 1698 1150 nihil
1710 1094 1786 1145 est
1809 1079 2017 1151 §131³le-

161 1164 296 1218 Inde
330 1186 426 1236 ego
460 1167 635 1237 paucis
668 1180 791 1219 ante
826 1165 1008 1218 diebus
1044 1166 1290 1231 abieram,
1324 1166 1544 1218 Caesare
1576 1146 1670 1231 ibi,
1701 1167 1802 1218 hoc
1834 1181 2015 1219 nostro

160 1251 303 1304 bono
323 1252 540 1322 quidem
563 1253 788 1322 mitique
808 1252 1063 1322 principe,
1084 1252 1175 1304 sed
1196 1252 1262 1304 ad
1283 1252 1459 1304 omnia
1463 1252 1643 1324 lento,
1667 1272 1760 1322 per
1780 1271 2013 1306 mensem
2036 1272 2110 1312 230

159 1352 492 1408 exspectat03
541 1340 633 1408 qui
655 1338 785 1390 mihi
808 1338 1024 1390 tandem
1050 1340 1106 1390 in
1133 1353 1366 1391 extrema
1388 1339 1655 1391 barbariae
1683 1339 2011 1409 quaerendus

158 1425 262 1477 fuit
296 1466 309 1477 .
345 1466 356 1477 .
393 1466 405 1477 .
465 1424 613 1494 [Such
647 1425 927 1477 calamities
958 1425 1201 1494 certainly
1234 1444 1319 1476 are
1350 1438 1433 1477 not
1464 1425 1643 1477 caused
1673 1426 1735 1495 by
1767 1445 1893 1491 men,
1926 1426 2014 1479 but

152 1512 426 1582 permitted
448 1512 510 1582 by
539 1511 690 1582 God.]

226 1599 324 1664 En,
379 1612 546 1668 pater,
601 1612 663 1651 ut
718 1599 803 1650 die
856 1619 963 1651 uno
1017 1619 1176 1651 annos
1237 1614 1438 1652 nostros
1494 1618 1673 1652 omnes
1731 1600 1829 1654 tibi
1887 1615 2011 1654 ante

157 1685 332 1739 oculos
366 1687 612 1778 congessi,
647 1688 838 1738 merito
869 1686 1086 1757 quidem
1117 1687 1316 1756 longe
1301 1706 1542 1757 lmpares‚
1577 1707 1798 1740 numero
1830 1702 2008 1742 autem
2033 1707 2107 1749 235

155 1791 319 1842 pares,
358 1791 524 1842 quem
568 1792 664 1841 ego
707 1792 876 1843 nuper
918 1773 984 1825 ad
1026 1775 1255 1827 amicum
1296 1774 1524 1826 scribens
1567 1774 1706 1827 bona
1747 1775 1853 1827 fide
1892 1794 2009 1828 sum

155 1860 428 1928 professus,
493 1859 581 1911 Tu
609 1878 675 1911 an
701 1858 844 1910 idem
871 1860 1043 1924 faciaS,
1072 1880 1138 1912 an
1166 1860 1355 1926 adhue,
1384 1860 1531 1931 quod
1558 1861 1799 1915 nonnulli
1824 1881 2009 1915 senum

151 1944 340 2010 solent,
366 1947 638 1998 iuventam
664 1946 939 2015 respiciens
965 1946 1165 2016 aliquid
1190 1949 1351 1999 etiam
1377 1967 1517 2000 nunc
1543 1949 1790 2013 occultes,
1818 1950 2006 2002 nesci0.

153 2031 286 2113 Vivse
311 2032 453 2097 felix,
482 2046 535 2084 et
562 2031 675 2085 vale
702 2033 866 2084 nostri
893 2050 1111 2085 memor.
1175 2033 1412 2103 [Venice,
1446 2033 1616 2105 1367.]

590 2238 642 2295 F
642 2239 895 2298 rancisco
925 2240 1138 2299 Brun0.
1224 2240 1350 2300 Sen.
1382 2241 1461 2300 xi.
1496 2259 1549 2299 2.

253 2370 513 2436 ORSAN,
553 2373 735 2437 amice,
777 2372 843 2424 de
880 2374 1110 2442 responsi
1150 2374 1253 2425 mei
1293 2374 1545 2427 tarditate
1590 2376 1875 2443 miraberis,
1913 2379 2005 2432 sed

251 2459 462 2528 cognita
505 2478 654 2512 causa
698 2459 895 2512 desines
941 2460 1133 2513 mirari.
1220 2462 1364 2515 Scito
1406 2463 1569 2531 igitur
1612 2482 1698 2515 me
1739 2464 1863 2517 hinc
1904 2466 2001 2519 sub

150 2547 440 2600 adventum
479 2559 692 2598 tuarum
728 2546 1028 2599 litterarum
1066 2547 1282 2613 abiisse3
1343 2550 1541 2619 magnis
1579 2551 1721 2603 enim
1758 2553 1999 2622 precibus

149 2646 202 2685 et
239 2632 476 2702 repetitis
511 2632 701 2685 litteris
733 2633 986 2686 Ticinum
1013 2634 1209 2687 iterum
1236 2649 1398 2706 atque
1427 2637 1622 2689 iterum
1650 2639 1920 2705 evocabat,
1945 2655 1998 2694 et

147 2718 384 2789 quamvis
411 2732 640 2802 naturae
677 2738 822 2771 meae
858 2720 1047 2772 infesta
1084 2734 1261 2798 aestas
1282 2721 1608 2788 adventaret,
1647 2742 1839 2795 meque
1874 2726 1998 2779 hinc
2022 2743 2046 2785 5

146 2801 338 2872 quietis
384 2792 548 2853 amor
572 2796 870 2871 stringeret,
916 2802 1060 2855 illinc
1104 2790 1268 2857 status
1313 2825 1551 2876 praesens
1597 2822 1650 2859 et
1694 2823 1998 2879 suspectum

143 2888 452 2941 latrunculis
494 2888 782 2942 deterreret
822 2890 941 2955 iter,
982 2890 1193 2959 vigente
1234 2905 1412 2945 tamen
1451 2893 1574 2945 hinc
1614 2895 1806 2964 ingrati
1847 2911 1995 2949 metu

145 2975 461 3046 honestique
499 2974 624 3027 inde
661 2976 832 3046 specie
872 2976 1107 3028 animum
1147 2979 1466 3045 attrahente,
1508 2981 1654 3051 quod
1691 2981 1888 3034 scilicet
1930 2984 1995 3035 ad

146 3074 435 3114 tractatum
467 3075 646 3114 tantae
675 3065 812 3133 pacis
844 3078 1122 3117 evocatum
1152 3083 1237 3117 me
1264 3067 1532 3131 sentirem,
1562 3068 1604 3119 si
1633 3068 1858 3120 fortassis
1891 3068 1994 3121 ulla

145 3166 207 3198 ex
246 3161 396 3218 parte
435 3148 576 3200 bono
613 3148 828 3222 publico
859 3149 1001 3202 utilis
1040 3169 1145 3202 esse
1181 3170 1401 3220 possem,
1434 3152 1601 3221 parui,
1635 3152 1993 3224 digressusque
2017 3173 2065 3204 10

144 3232 358 3287 Patavio
379 3234 445 3285 ad
467 3254 582 3287 vlu.
611 3234 869 3288 Kalendas
893 3235 1084 3299 Iunias,
1106 3255 1174 3289 vr.
1194 3236 1317 3288 illuc
1337 3237 1420 3289 die
1437 3239 1563 3289 hora
1582 3241 1740 3292 tertia
1757 3243 1987 3309 perveni.

1021 3343 1053 3376 N
1084 3339 1113 3374 2
