2242 3600
650 186 1150 240 FRANCISCO
1204 187 1500 241 PRIORI
1756 265 1759 270 Ι
1927 205 1995 259 97

209 368 513 429 francisco
546 369 741 429 Priori
771 369 1100 429 Sanctorum
1132 369 1542 450 Apostolorum.
1618 370 1782 430 Fam.
1818 371 1936 431 xvi.

964 471 1053 526 11,
1091 471 1178 512 12.

167 600 170 601 ⁷
214 575 366 649 [Non
385 577 583 630 solebat
611 577 740 628 mihi
770 591 976 647 tempus
1007 618 1018 628 .
1052 618 1063 628 .
1097 576 1135 647 .]
1209 577 1375 648 [With
1398 579 1680 648 advancing
1706 599 1795 648 age
1821 579 1881 631 he
1903 580 1994 631 has

147 665 312 718 learnt
347 678 391 717 to
425 665 711 735 appreciate
747 664 826 716 the
858 663 1004 715 value
1037 664 1095 734 of
1120 665 1252 717 time.
1323 667 1404 718 He
1437 666 1598 719 knows
1633 666 1743 719 that
1774 666 1918 719 Nelli
1950 669 1995 719 is

150 753 364 804 anxious
390 764 433 803 to
459 751 581 803 hear
603 769 732 802 news
755 750 814 820 of
827 748 973 822 him]

218 839 410 909 Itaque
454 837 669 890 biennio
711 837 815 889 iam
859 837 914 888 in
959 835 1142 889 Galliis
1186 852 1369 891 exacto
1413 840 1726 905 revertebar,
1772 853 1826 892 et
1871 858 1993 893 cum

149 924 517 978 Mediolanum
555 924 919 994 pervenissem,
950 924 1203 977 maximus
1241 925 1338 978 iste
1370 925 1532 979 Italus
1563 927 1745 979 iniecit
1778 945 1993 979 manum
2017 944 2041 987 5

81 1068 85 1084 ι
150 1026 260 1065 tam
303 1011 530 1064 suaviter
575 1024 833 1081 tantoque
877 1029 998 1063 cum
1034 1011 1233 1064 honore
1268 1026 1529 1082 quantum
1566 1033 1661 1065 nec
1697 1014 1865 1066 merui
1900 1033 1996 1066 nec

90 1143 94 1147 ,
149 1100 368 1170 speravi,
408 1116 701 1168 verumque
740 1111 801 1151 ut
841 1099 1022 1163 fatear,
1064 1117 1159 1150 nec
1199 1099 1394 1168 optavi.
1470 1100 1799 1153 Excusassem
1839 1119 1993 1153 occu-

149 1185 384 1257 pationes
431 1184 727 1254 turbaeque
773 1183 957 1236 odium
1002 1198 1055 1236 et
1102 1185 1291 1255 quietis
1339 1185 1546 1239 avidam
1593 1200 1853 1252 naturam,
1897 1187 1996 1262 nisi

150 1285 426 1343 parantem
468 1270 614 1341 loqui
656 1270 802 1324 velut
843 1285 1033 1323 cuncta
1075 1272 1394 1342 praesagiens
1435 1274 1801 1343 praevenisset,
1843 1288 1898 1326 et
1939 1274 1994 1325 in

98 1391 105 1397 -
152 1358 375 1410 maxima
401 1357 927 1428 frequentissimaque
952 1357 1082 1409 urbe
1106 1357 1445 1411 solitudinem
1468 1359 1557 1412 ille
1581 1361 1710 1412 mihi
1736 1361 1788 1413 in
1815 1361 1994 1431 primis
2020 1381 2068 1410 10

153 1458 207 1497 et
252 1445 423 1496 otium
467 1442 801 1514 promisisset,
848 1457 1008 1513 atque
1052 1444 1320 1511 hactenuS,
1366 1460 1627 1516 quantum
1679 1447 1734 1499 in
1786 1466 1848 1499 eo
1898 1461 1994 1513 est,

153 1531 401 1601 promissa
427 1543 728 1600 praestaret.
794 1528 936 1581 Cessi
963 1530 1124 1599 igitur
1151 1531 1247 1583 hac
1274 1531 1404 1602 lege,
1434 1547 1495 1585 ut
1524 1533 1590 1585 de
1616 1534 1725 1587 vita
1753 1534 1901 1599 nihil,
1932 1533 1999 1585 de

152 1616 454 1671 habitaculo
488 1615 688 1688 aliquid
722 1617 1067 1670 immutatum
1110 1618 1196 1684 sit,
1233 1618 1394 1690 idque
1440 1639 1546 1672 non
1582 1620 1800 1692 amplius
1837 1639 1997 1691 quam

153 1718 415 1776 quantum
452 1703 565 1756 fieri
601 1716 777 1773 potest
813 1703 984 1756 illaesa
1018 1703 1279 1771 libertate,
1316 1706 1456 1760 salvo
1491 1707 1619 1773 oti0,
1658 1707 1802 1778 quod
1838 1726 1997 1778 quam

154 1791 246 1844 diu
275 1793 519 1844 futurum
548 1790 615 1843 sit
646 1790 846 1859 ignoro,
913 1790 1149 1859 Augurio
1179 1791 1336 1845 breve
1366 1794 1483 1859 erit,
1513 1794 1555 1846 si
1585 1813 1724 1860 eum,
1754 1794 1795 1846 si
1826 1813 1927 1859 me,
1957 1794 1997 1846 si
2024 1817 2069 1859 ις

156 1878 430 1948 utriusque
458 1895 602 1930 curas
629 1875 890 1947 longeque
921 1876 1129 1930 diversis
1158 1879 1590 1950 occupationibus
1619 1871 1997 1934 circumdatam

93 2027 98 2029 ,
158 1965 324 2018 vitam
353 1964 492 2016 novi.

223 2050 425 2103 Habito
454 2049 668 2102 interim
698 2050 752 2101 in
783 2063 1020 2102 extremo
1051 2050 1191 2103 urbis
1224 2051 1291 2104 ad
1321 2052 1595 2106 occiduam
1625 2053 1830 2124 plagam
1860 2073 1999 2106 secus

158 2137 420 2202 Ambrosii
483 2136 769 2189 Basilicam.
876 2135 1222 2191 Saluberrima
1282 2139 1466 2193 domus
1517 2155 1612 2205 est,
1663 2140 1868 2194 laevum
1938 2140 2003 2193 ad

158 2223 400 2277 ecclesiae
441 2223 596 2289 latus,
641 2242 775 2294 quae
819 2237 943 2275 ante
984 2243 1037 2276 se
1078 2224 1390 2295 plumbeum
1436 2226 1621 2297 templi
1664 2226 2010 2298 pinnaculum‘
2027 2252 2077 2283 20

159 2312 495 2382 geminasque
536 2324 702 2363 turres
743 2311 798 2362 in
838 2311 1084 2380 ingressU,
1124 2326 1265 2365 retro
1306 2328 1483 2366 autem
1525 2314 1729 2367 moenia
1770 2313 1909 2366 urbis
1951 2327 2005 2365 et

161 2397 463 2450 frondentes
492 2396 598 2449 late
626 2416 771 2466 agros
800 2411 961 2469 atque
987 2397 1144 2468 Alpes
1172 2401 1426 2471 prospicit
1455 2401 1652 2454 nivosas
1682 2414 1876 2453 aestate
1903 2403 2006 2452 iam

157 2497 355 2537 exacta.
467 2483 911 2536 Iucundissimum
977 2498 1154 2538 tamen
1217 2507 1279 2539 ex
1343 2487 1585 2540 omnibus
1649 2486 2006 2557 spectaculum

163 2569 400 2635 dixerim,
424 2569 568 2640 quod
590 2588 747 2636 aram,
771 2589 929 2641 quam
953 2590 1076 2637 non,
1100 2586 1160 2625 ut
1183 2573 1249 2626 de
1269 2573 1517 2626 Africano
1537 2573 1753 2644 loquens
1797 2572 2006 2639 Seneca,

163 2655 498 2726 sepulchrum
539 2656 676 2708 tanti
714 2656 811 2709 viri
851 2657 1006 2709 fuisse
1043 2659 1290 2729 suspicor,
1329 2660 1420 2712 sed
1457 2661 1579 2726 sci0,
1620 2661 2009 2731 imaginemque
2030 2689 2077 2730 25

165 2742 272 2794 eius
311 2741 527 2794 summis
563 2742 848 2812 parietibus
890 2757 1200 2811 exstantem,
1233 2765 1392 2817 quam
1433 2747 1508 2799 illi
1539 2748 1652 2800 viro
1691 2746 2007 2798 simillimam

161 2828 300 2879 fama
326 2829 448 2892 fert,
475 2846 628 2898 saepe
652 2828 1050 2882 venerabundus
1078 2831 1133 2883 in
1158 2850 1278 2884 saxo
1304 2852 1470 2904 paene
1496 2833 1669 2886 vivam
1695 2833 2006 2903 spirantem-

162 2933 267 2984 que
294 2913 533 2983 suspicio.
599 2913 665 2966 Id
694 2915 824 2966 mihi
854 2935 960 2968 non
988 2915 1102 2969 leve
1128 2919 1360 2988 pretium
1390 2919 1642 2973 adventus
1665 2940 1678 2983 3
1731 2919 1834 2971 dici
1865 2920 2007 2971 enim

166 3020 272 3052 non
294 3014 469 3070 potest
496 3014 693 3070 quanta
723 3002 909 3054 frontis
931 3004 1228 3070 auctoritas,
1250 3020 1448 3076 quanta
1470 3006 1704 3058 maiestas
1725 3005 2006 3076 supercilii,

138 3073 365 3157 {quanta
405 3086 752 3157 tranquillitas
792 3087 1101 3155 oculorum3
1179 3110 1279 3144 vox
1316 3092 1422 3145 sola
1462 3092 1688 3146 defuerit
1727 3094 1906 3146 vivum
1946 3106 2007 3146 ut
2030 3120 2080 3159 30

164 3194 341 3228 cernas
391 3175 745 3243 Ambrosium.
833 3177 976 3229 Haec
1027 3177 1293 3232 hactenuS.
1380 3180 1550 3233 Huius
1602 3194 1779 3232 autem
1834 3197 2013 3230 morae

167 3246 428 3333 spatium,
444 3281 564 3315 cum
593 3263 823 3332 primum
854 3263 983 3316 mihi
1013 3283 1116 3316 esse
1145 3280 1333 3318 notum
1362 3267 1612 3338 coeperit,
1643 3266 1741 3318 tibi
1773 3266 2007 3336 incogni-

243 3362 345 3413 2548
1067 3371 1102 3404 H
