2242 3600
298 162 706 216 IOHANNI
765 161 1267 215 COLVMNAE
1325 163 1825 215 CARDINALI
1934 181 1995 234 19

143 294 371 365 SyphaX,
424 293 569 363 quod
621 312 729 345 uno
780 291 1075 362 eodemque
1127 306 1367 363 tempore
1417 292 1641 345 duarum
1694 306 1813 345 toto
1864 293 1995 346 orbe

139 381 485 434 maximarum
523 379 754 444 urbium,
792 379 991 430 Romae
1025 393 1187 449 atque
1223 379 1572 448 Carthaginis,
1609 379 1665 430 in
1707 379 1993 432 amicitiam

138 482 416 522 vocaretur
444 471 460 520 ?
527 467 796 519 Nimirum
824 465 879 517 id
907 485 1068 534 regno
1096 466 1202 517 eius
1232 480 1394 537 atque
1420 465 1606 536 opibus
1636 465 1992 531 tribuebatur,

138 556 238 607 hoc
267 555 414 606 mihi.
482 554 673 624 Itaque
700 552 850 604 illum
879 553 1020 604 inter
1049 572 1234 604 aurum
1264 572 1323 604 ac
1350 571 1580 622 gemmas
1609 550 1837 620 superbo
1865 550 1994 602 solio

136 641 419 694 subnixum
468 655 521 692 et
568 640 778 691 armatis
824 639 1080 708 stipatum
1128 639 1438 691 satellitibus
1484 639 1563 690 sui
1608 638 1865 707 supplices
1913 656 1992 688 re·
2017 659 2064 699 25

137 744 354 796 perere3
418 743 504 775 me
543 723 830 792 solivagum
873 742 1027 774 mane
1068 724 1123 775 in
1164 723 1316 787 silvis,
1360 742 1473 774 sero
1515 735 1693 774 autem
1735 722 1791 772 in
1833 722 1993 790 pratis

139 812 349 881 Sorgiae
399 811 520 880 ripis
571 809 1005 861 obambulantem
1056 811 1373 862 invenerunt
1423 810 1543 861 mei.
1630 808 1773 860 Mihi
1823 808 1995 859 honor

137 900 375 963 offertur,
405 898 483 951 ,ab
524 897 614 948 illo
655 897 906 948 auxilium
947 897 1277 967 poscebatur.
1358 895 1460 948 Sed
1501 896 1751 966 quoniam
1792 895 1994 946 laetitia

134 986 345 1038 inimica
378 984 593 1036 consilio
624 998 719 1049 est,
739 986 938 1049 ·fateor,
972 998 1033 1036 ut
1064 984 1229 1036 laetus
1263 997 1474 1047 eventu,
1507 983 1577 1033 sic
1610 981 1800 1033 dubius
1832 981 1996 1033 animi

135 1091 269 1125 sum.
347 1072 511 1140 Vrget
546 1071 686 1122 enim
720 1071 843 1122 hinc
880 1071 1128 1123 novitatis
1157 1070 1340 1139 gratia,
1370 1069 1493 1120 hinc
1523 1067 1813 1120 reverentia
1840 1081 1993 1119 vetu-
2017 1082 2068 1121 30

135 1159 301 1224 statis,
330 1158 454 1209 hinc
491 1158 702 1222 amicus,
731 1157 854 1208 hinc
891 1157 1076 1226 patria.
1149 1157 1328 1208 Vnum
1365 1155 1429 1206 ab
1466 1154 1628 1206 altera
1661 1154 1809 1205 lance
1843 1173 1992 1223 prae-

134 1245 412 1317 ponderat,
463 1244 609 1314 quod
658 1264 747 1295 rex
798 1243 998 1295 Siculus
1051 1244 1107 1294 in
1156 1242 1309 1295 Italia
1359 1256 1453 1307 est,
1503 1260 1662 1312 quem
1714 1260 1742 1291 e
1790 1241 1992 1292 cunctis

134 1332 444 1384 mortalibus
506 1332 751 1401 aequiore
812 1331 988 1382 animo
1046 1330 1242 1398 ingenii
1301 1328 1530 1380 iudicem
1591 1329 1702 1398 pati
1761 1346 1989 1398 possum.

135 1420 398 1472 Curatum
433 1436 670 1469 mearum
700 1418 893 1469 fluctus
928 1416 1087 1469 vides.
1163 1416 1268 1479 Tu,
1298 1434 1457 1485 quem
1491 1415 1555 1466 ad
1588 1433 1766 1467 earum
1799 1414 1990 1483 guber-

95 1506 319 1558 .nacula
371 1524 554 1556 manus
606 1504 873 1573 porrigere
925 1522 1031 1554 non
1083 1501 1296 1572 puduit,
1348 1501 1700 1554 fluctuantem
1753 1502 1989 1554 animum
2010 1515 2060 1558 35

135 1593 350 1645 consilio
369 1606 463 1643 tuo
482 1610 639 1659 reges.
693 1590 838 1642 Vale.
896 1590 980 1641 Ad
1000 1592 1205 1641 fontem
1226 1587 1452 1656 Sorgiae‚
1476 1589 1725 1642 Kalendis
1746 1587 1988 1658 Septem-

134 1680 315 1733 bribus
343 1678 408 1730 ad
435 1696 702 1747 vesperam
739 1675 929 1750 [1340].

558 1888 763 1949 Iacoh'o
798 1889 1127 1949 Columnae.
1201 1889 1366 1948 Fam.
1398 1890 1477 1949 iv.
1509 1888 1566 1948 6.

235 2030 595 2083 ORTUNAE
646 2028 852 2080 insidias
907 2048 1014 2079 non
1067 2028 1225 2079 hodie
1278 2029 1510 2098 primum
1563 2027 1857 2096 intelligere
1908 2028 1989 2080 in-

235 2119 389 2189 cipio.
459 2119 586 2169 Non
613 2116 816 2169 invadit
846 2135 937 2167 nos
967 2130 1178 2168 tantum
1207 2116 1310 2180 illa,
1340 2115 1429 2167 sed
1456 2116 1652 2185 spargit
1681 2135 1738 2167 ac
1766 2130 1988 2186 separat,

133 2225 198 2257 ne
236 2205 382 2257 laetis
423 2203 619 2256 scilicet
659 2218 713 2255 et
754 2202 975 2255 adversis
1015 2203 1069 2254 in
1115 2202 1268 2254 rebus
1320 2202 1451 2254 alter
1490 2202 1640 2254 alteri
1677 2201 1865 2254 solatio
1903 2203 1986 2254 sit.

133 2292 304 2344 Norat
336 2291 439 2356 illa,
467 2298 698 2360 quantae
729 2290 855 2343 olim
893 2308 1071 2341 meum
1109 2308 1199 2341 cor
1235 2303 1448 2341 urerent
1485 2309 1656 2354 curae,
1694 2289 1885 2358 quibus
1923 2289 1989 2341 ad

133 2379 351 2449 plenum
386 2377 586 2429 mederi
622 2391 674 2428 te
709 2391 917 2446 praeter
951 2395 1107 2427 nemo
1141 2389 1368 2445 poterat.
1438 2376 1596 2428 Tunc
1637 2395 1759 2444 ergo
1793 2377 1987 2428 mirum
2010 2390 2035 2434 5

131 2467 188 2518 in
216 2465 436 2517 modum
466 2464 772 2534 conquisitis
802 2463 961 2514 causis
994 2476 1046 2513 te
1074 2463 1129 2514 in
1157 2462 1247 2514 illo
1275 2463 1501 2532 pectoris
1530 2463 1634 2514 mei
1664 2477 1808 2514 aestu
1838 2465 1987 2515 refri-

132 2553 335 2621 gerium
385 2552 600 2603 unicum
650 2564 892 2602 avectum
942 2548 1006 2600 ab
1054 2549 1220 2600 Arcto
1268 2548 1468 2601 rediens
1517 2551 1710 2602 inveni.
1798 2550 1988 2619 Itaque

135 2639 346 2691 tametsi
374 2638 615 2702 Romam,
647 2651 794 2689 tuam
822 2637 1089 2706 propriam
1118 2650 1172 2687 et
1201 2654 1539 2688 communem
1567 2637 1826 2701 omnium,
1856 2637 1987 2688 mihi

132 2745 257 2779 vero
295 2739 418 2776 ante
450 2743 628 2776 omnes
665 2742 870 2793 semper
902 2738 1030 2774 tunc
1071 2737 1249 2775 autem
1289 2737 1342 2774 et
1381 2737 1601 2793 propter
1639 2742 1690 2774 se
1728 2724 1893 2793 ipsam
1934 2738 1988 2776 et

132 2825 352 2883 propter
370 2825 424 2862 te
443 2812 654 2879 gemino
678 2810 934 2862 desiderio
953 2823 1256 2879 exoptatam
1275 2811 1520 2879 patriam,
1538 2810 1786 2879 petiisses,
1808 2824 1985 2862 tamen
2011 2830 2059 2858 10

133 2898 490 2968 consequendi
549 2897 826 2949 difficultas
885 2910 1146 2948 moestum
1205 2911 1367 2966 atque
1425 2896 1690 2948 deiectum
1750 2897 1985 2948 animum

132 2985 361 3038 habebat
385 3006 398 3050 ;
450 2998 528 3050 ut,
559 3003 680 3036 cum
711 2984 910 3053 ubique
938 2982 1058 3034 exul
1086 2983 1216 3034 mihi
1245 2984 1353 3035 sine
1383 2997 1437 3035 te
1464 2983 1658 3048 videar,
1691 2998 1806 3035 tum
1836 3003 1985 3052 prae-

132 3073 313 3126 sertim
340 3072 518 3123 anxius
545 3085 706 3141 atque
731 3089 908 3122 amore
933 3069 1115 3121 ardens
1141 3084 1195 3121 et
1221 3070 1444 3122 Romam
1472 3070 1571 3121 tibi
1595 3069 1904 3134 inviderem,
1931 3084 1986 3122 et

134 3173 189 3211 te
206 3159 421 3210 Romae.
479 3158 602 3217 Quo
622 3158 676 3209 in
697 3171 857 3220 statu,
877 3155 1058 3207 eadem
1079 3155 1165 3207 illa
1186 3156 1468 3209 iuvenilem
1490 3157 1726 3208 animum
1744 3158 1987 3208 frenante

131 3246 365 3310 fortuna,
402 3245 557 3314 pauci
593 3245 734 3309 anni,
772 3242 961 3313 quibus
1000 3241 1066 3293 ad
1100 3243 1325 3295 invicem
1362 3244 1432 3294 sic
1470 3243 1707 3294 distracti
1743 3243 1984 3308 viximus,
2010 3259 2054 3301 15

1008 3348 1038 3381 c
1067 3345 1096 3379 2
