2242 3600
802 148 1401 202 SOCRATlsvo
1954 162 2013 216 ἦ

171 280 327 333 simul
375 280 664 332 amicorum
712 277 923 349 paribus
972 276 1296 329 adornatam.
1382 276 1565 328 Minus
1611 276 1826 346 proprie
1874 276 2017 345 paria

171 364 456 429 nominavi,
483 381 649 416 unum
675 375 804 427 erat,
829 361 994 413 immo
1018 380 1142 414 vero
1167 360 1372 414 nuHum
1397 379 1508 431 par,
1533 358 1624 411 sed
1648 378 1752 412 una
1777 359 2016 410 omnium

171 470 335 516 menS,
375 464 437 503 ut
494 450 617 502 dixi.
709 447 872 513 Quid,
910 448 1015 500 heu
1060 447 1222 501 mihi!
1283 447 1428 499 Luca
1472 460 1652 499 nostro
1697 445 2013 515 benignius?
2037 462 2090 500 80

171 537 318 597 Quid
367 535 665 606 Maynardo
713 535 917 588 suavius
946 537 963 585 Ξ
1062 533 1127 584 In
1178 552 1405 603 quorum
1456 532 1653 584 iudicio
1703 551 1795 584 nos
1847 551 2018 584 errare

171 622 471 675 diuturnior
500 620 818 692 experientia
846 638 954 671 non
979 618 1200 671 sinebat.
1265 620 1467 673 Primus
1496 619 1712 691 quidem
1739 619 1812 672 sic
1841 620 2018 671 animo

170 709 507 779 composituS,
552 722 614 760 ut
656 720 864 777 praeter
908 705 1263 757 dulcissimum
1306 706 1847 777 iucundissimumque
1890 725 2015 758 con-

137 797 371 867 *victum
406 796 565 847 etiam
611 807 910 846 nostrorum
944 792 1241 845 studiorum
1276 795 1535 864 particeps
1572 808 1625 846 et
1661 812 1831 846 comes
1867 807 2014 845 esset.

167 883 319 935 Alter
358 896 554 946 autem,
596 880 692 932 etsi
731 878 1094 932 huiuscemodi
1133 898 1308 931 rerum
1349 899 1545 950 expers,
1587 879 1798 932 abunde
1838 893 2016 931 tamen
2037 891 2087 941 85

167 984 380 1022 ornatus
425 969 486 1020 iis
530 987 625 1038 per
669 986 805 1037 quae
848 966 1033 1019 studiis
1080 965 1269 1018 talibus
1315 968 1637 1036 pervenitur,
1684 967 2018 1020 humanitate

164 1056 379 1122 scilicet,
402 1055 523 1121 fide,
545 1054 876 1119 liberalitate,
900 1053 1208 1105 constantia.
1266 1054 1413 1113 Quid
1433 1054 1602 1106 multa
1630 1059 1646 1106 ?
1691 1053 2016 1107 Liberalium

168 1142 558 1214 disciplinarum
596 1142 811 1206 nescius,
837 1140 928 1193 sed
956 1141 1037 1218 321
1074 1140 1334 1214 bonusset
1371 1142 1570 1214 amicus
1601 1161 1705 1193 esse
1734 1141 2014 1209 didicerat,

167 1245 221 1283 et
253 1232 309 1283 in
344 1245 500 1283 coetu
527 1243 707 1281 nostro
739 1228 852 1280 talis
881 1214 1211 1297 unus-*aptior
1237 1242 1348 1279 erat
1376 1247 1535 1298 quam
1561 1229 1602 1280 si
1628 1212 1814 1280 omn‘ems
1838 1227 2015 1280 studio

167 1318 373 1371 deditos
393 1331 685 1369 ceterarum
706 1334 880 1367 rerum
901 1315 1140 1367 omnium
1159 1315 1483 1368 incuriositas
1504 1315 1784 1367 habuisset.
1825 1315 2016 1384 Itaque
2036 1337 2087 1376 90

95 1472 102 1478 .
165 1405 233 1466 ad
252 1404 678 1476 opportunitates
704 1403 865 1455 varias
894 1401 1172 1454 commode
1192 1401 1481 1454 admodum
1502 1416 1556 1454 et
1575 1422 1742 1472 paene
1762 1401 2014 1453 divinitus

161 1474 251 1545 ille
276 1493 425 1545 nobis
451 1504 666 1561 quartus
694 1503 988 1542 accesserat.
1050 1490 1221 1541 Nimis
1247 1489 1419 1541 felices
1445 1490 1539 1541 visi
1564 1508 1738 1541 sumus
1762 1509 1775 1553 ;
1822 1487 2015 1540 invidit

164 1579 514 1633 crudelissima
542 1579 775 1642 fortuna,
805 1590 859 1628 et
886 1575 1157 1644 indignata
1186 1590 1280 1641 est,
1310 1575 1456 1646 quod
1485 1595 1575 1628 nos
1604 1575 1843 1627 nondum
1874 1588 2014 1626 totos

132 1716 135 1719 ᾗ
164 1680 439 1720 tantorum
469 1665 728 1717 comitum
758 1662 1057 1733 perditione
1086 1677 1408 1733 prostrasset.
1860 1718 1862 1721 ,

231 1755 517 1806 Moverant
557 1751 714 1803 ambo
752 1749 925 1813 simul,
965 1763 1019 1800 et
1061 1763 1132 1813 te,
1173 1751 1353 1814 frater,
1393 1750 1535 1821 apud
1574 1749 1909 1814 Avinionem‚
1951 1764 2011 1802 ut
2035 1766 2083 1807 95

163 1840 335 1897 certus
374 1858 507 1903 sum,
548 1857 656 1889 non
694 1837 803 1888 sine
841 1835 1066 1906 suspiriis
1107 1836 1315 1890 dimisso
1355 1856 1439 1889 me
1479 1837 1696 1889 alteram
1735 1837 1897 1888 animi
1935 1836 2013 1889 sui

163 1942 369 1999 partem
417 1924 749 1996 cupidissime
796 1923 1069 1993 petebant.
1153 1924 1419 1975 Moestam
1467 1923 1620 1975 nimis
1668 1938 1722 1975 et
1771 1923 2011 1976 miseram

161 2014 434 2068 historiam
468 2031 727 2082 aggressus
767 2030 899 2063 sum.
963 2010 1064 2062 Sed
1102 2024 1178 2061 est
1218 2010 1476 2080 quaedam
1512 2010 1728 2080 lugendi
1768 2010 2009 2075 dulcedo,

163 2123 266 2174 qua
308 2120 458 2171 saepe
494 2098 718 2151 nimium
750 2115 929 2168 pascor
961 2096 1157 2148 infelix.
1235 2096 1533 2149 Veniebant
1577 2096 1772 2167 pariter
1803 2097 2010 2167 optimo

161 2190 356 2252 animo,
390 2189 503 2239 fato
537 2185 777 2256 pessimo,
805 2182 1083 2235 miserabili
1116 2197 1329 2247 eventu,
1356 2183 1442 2235 ille
1469 2184 1693 2236 Romam
1727 2184 2009 2254 petiturus,
2034 2199 2104 2225 100

158 2277 246 2329 ille
275 2273 614 2328 Florentiam.
647 2313 658 2323 .
685 2313 696 2322 .
722 2313 733 2322 .
755 2271 839 2338 [P.
871 2270 972 2321 had
985 2270 1098 2339 just
1136 2269 1227 2337 left
1258 2270 1447 2320 Parma
1474 2271 1613 2322 when
1646 2271 1760 2340 they
1788 2271 2007 2336 arrived,

160 2365 239 2416 his
250 2363 375 2430 first
402 2361 601 2412 absence
619 2359 758 2427 from
792 2358 871 2409 the
894 2370 1018 2408 town
1030 2355 1122 2424 for
1148 2375 1178 2406 a
1200 2355 1366 2425 year]
1430 2356 1590 2415 Quod
1617 2356 1657 2408 si
1683 2375 1767 2408 me
1793 2358 2008 2409 Parmae

158 2449 486 2521 reperissent,
527 2459 736 2517 poterat
781 2463 926 2496 mora
965 2442 1170 2512 longior
1208 2444 1452 2495 fortunae
1493 2443 1742 2495 duritiem
1781 2444 2007 2496 fortassis

158 2537 445 2599 inflectere,
470 2548 759 2586 mutassent
785 2536 923 2585 forte
955 2531 1247 2596 consilium,
1273 2545 1327 2583 et
1359 2550 1450 2600 per
1482 2530 1694 2582 nuntios
1720 2530 1846 2582 actis
1873 2551 2007 2602 quae

159 2623 329 2676 acturi
355 2635 503 2674 erant
530 2621 586 2673 in
610 2620 796 2691 patria,
825 2620 922 2690 ipsi
953 2618 1139 2670 amoris
1172 2618 1449 2670 dulcedine
1475 2617 1765 2688 compediti
1796 2637 2004 2671 mecum
2029 2635 2097 2676 105

158 2705 572 2778 inseparabiliter
594 2704 917 2757 resedissent.
976 2703 1044 2753 Et
1067 2721 1207 2754 nunc
1236 2701 1364 2772 quid
1391 2701 1695 2772 prohiberet
1724 2701 2003 2772 quominus

158 2789 313 2844 simul
349 2808 527 2841 omnes
565 2806 784 2839 essemus
826 2786 880 2837 in
923 2785 1102 2855 quiete
1136 2784 1221 2836 illa
1258 2783 1419 2836 animi
1465 2783 1660 2835 diutius
1706 2798 1952 2854 exoptata
1982 2789 2000 2837 ?

161 2921 173 2931 .
209 2919 221 2930 .
261 2919 273 2929 .
312 2877 502 2946 Itaque
541 2893 662 2926 cum
701 2875 941 2925 Parmam
980 2871 1257 2935 venissent,
1290 2871 1652 2941 percontando
1690 2889 1783 2941 per
1821 2872 1999 2924 obvios

158 2985 213 3017 re
251 2976 539 3033 comperta,
587 2961 758 3013 tristes
803 2961 869 3012 ad
916 2960 1134 3011 domum
1172 2973 1403 3012 nostram
1457 2958 1668 3011 deiectis
1720 2958 1903 3010 animis
1941 2980 2000 3012 ac

157 3051 390 3106 vultibus
431 3049 831 3102 descenderunt.
897 3046 1041 3105 Quid
1078 3046 1277 3116 singula
1314 3050 1642 3116 prosequar?
1683 3087 1694 3097 .
1734 3087 1745 3097 .
1786 3087 1797 3097 .
1834 3045 1999 3116 [They
2024 3061 2094 3088 110

155 3138 330 3208 stayed
359 3137 439 3189 the
462 3136 605 3204 night
631 3137 684 3187 in
710 3136 816 3187 P.’s
840 3133 1025 3203 house]
1079 3134 1292 3186 Postero
1319 3147 1497 3185 autem
1524 3132 1658 3184 circa
1683 3133 1867 3184 horam
1896 3133 1999 3185 diei

155 3239 355 3278 sextam
393 3223 635 3275 abierunt
672 3222 860 3274 litteris
901 3220 1044 3273 domi
1080 3220 1289 3285 relictis,
1329 3220 1518 3291 quibus
1556 3219 1686 3271 mihi
1724 3233 1777 3271 et
1816 3237 1997 3272 eorum

98 1801 110 1830 J.
122 1791 159 1825 ἒ)
