2242 3600
218 175 624 229 IOHANNI
683 175 1183 229 COLVMNAE
1238 177 1288 229 A
1341 176 1504 230 SAN
1559 177 1784 230 VITO
1858 195 1919 248 41

74 305 250 375 ¹ipsum
279 305 335 357 in
364 305 543 376 primis
572 305 696 358 inde
726 305 1042 375 diffugerim,
1074 319 1135 358 ut
1166 306 1265 358 tibi
1293 305 1504 361 liberius
1533 306 1921 377 responderem.

77 391 276 444 Parebo
297 405 475 444 tamen
495 406 556 445 ut
577 405 779 463 potem.
835 393 1040 445 Possem
1062 406 1115 444 te
1136 392 1201 444 ad
1221 392 1464 463 antiquos
1485 406 1538 444 et
1559 392 1625 444 ad
1644 392 1923 444 modernos

44 472 55 481 ’
78 477 310 543 mittere,
335 499 361 531 a
388 479 577 550 quibus
605 478 750 551 quod
786 478 950 549 poscis
986 478 1205 549 accipies
1229 502 1242 544 ;
1287 480 1376 532 sed
1403 499 1468 531 ne
1492 479 1564 531 ita
1593 498 1677 532 me
1702 479 1921 532 liberem

77 565 369 635 providisti,
407 566 534 618 dum
569 585 714 636 rogas
750 580 810 618 ut
849 566 1018 618 dicam
1041 567 1180 633 meis
1215 566 1401 631 verbis,
1439 566 1702 637 quidquid
1736 566 1792 618 id
1826 580 1921 630 est,
1945 583 1995 620 80

76 652 238 723 quod,
272 666 332 704 ut
366 652 453 718 ais,
486 653 586 705 tibi
618 653 792 705 omnia
824 673 887 705 ex
918 673 1006 706 ore
1038 634 1156 706 frieo
1189 673 1310 707 cum
1341 654 1556 724 gratius,
1589 668 1706 707 tum
1740 653 1922 706 clarius

75 753 279 792 sonent.
350 740 591 792 Gratiam
623 740 811 804 habeO,
845 740 949 793 sive
981 740 1056 793 ita
1089 760 1140 793 se
1173 761 1250 793 res
1282 741 1462 806 habet,
1497 741 1601 794 sive
1634 740 1708 793 ita
1742 754 1803 793 ut
1838 760 1921 793 ac-

76 826 261 878 cendas
301 826 536 879 animum
578 826 719 879 dicis.
795 827 991 898 Accipe
1028 827 1190 898 'igitur
1232 828 1376 899 quod
1418 842 1546 880 tunc
1589 827 1712 892 dixi,
1752 827 1922 881 verbis

73 915 213 965 forte
237 913 345 965 aliis
371 914 460 966 sed
485 914 667 966 eadem
693 916 934 984 profecto
959 914 1235 967 sententia.

140 1000 338 1053 Verum
366 1001 496 1072 quid
521 1001 719 1071 agimus
750 1005 766 1054 ?
830 1002 971 1054 Nam
998 1016 1051 1054 et
1079 1021 1185 1054 non
1212 1022 1368 1073 parva
1395 1022 1472 1055 res
1500 1017 1594 1067 est,
1623 1017 1675 1055 et
1703 1002 1919 1073 epistola
1943 1016 1992 1067 85

70 1087 198 1140 haec
229 1087 439 1141 abunde
472 1088 634 1141 crevit
667 1102 720 1141 et
754 1089 992 1141 nondum
1025 1089 1309 1165 coepimuS,
1342 1103 1395 1142 et
1429 1089 1531 1142 diei
1562 1090 1716 1142 huius
1748 1103 1919 1142 extre-

71 1192 220 1226 mum
244 1188 338 1227 est.
396 1175 486 1227 Vis
509 1195 791 1246 parumper
752 1159 991 1245 digitis
1014 1175 1141 1228 meis
1165 1190 1325 1247 atque
1348 1176 1509 1229 oculis
1534 1176 1636 1229 tuis
1661 1195 1870 1247 parcam
1900 1181 1917 1228 ?

66 1261 391 1335 :Qifferamus
444 1262 591 1333 quod
640 1276 801 1315 restat
848 1263 902 1315 in
945 1263 1247 1333 proximum
1292 1263 1450 1328 diem,
1494 1277 1547 1315 et
1588 1263 1823 1316 laborem
1866 1277 1919 1316 et
1936 1280 1996 1323 ‘m
1994 1286 2127 1317 ῑψω

72 1347 345 1418 epistolam
371 1349 679 1420 partiamur,
707 1370 801 1402 nec
829 1350 1010 1402 eadem
1036 1369 1235 1421 papyro
1259 1370 1337 1403 res
1365 1350 1725 1403 diversissimas
1751 1350 1918 1404 invol-

70 1454 268 1488 vamus.
333 1436 435 1488 Sed
463 1436 591 1507 quid
618 1456 823 1489 rursum
853 1435 1027 1506 cogito
1057 1441 1074 1489 ?
1140 1436 1348 1496 Quidve
1375 1437 1623 1507 polliceor
1652 1437 1751 1489 tibi
1779 1437 1919 1490 diem
1942 1455 1992 1493 90

71 1521 370 1592 proximum
399 1523 780 1595 epistolamque
801 1523 1017 1576 alteram
1043 1528 1060 1576 ?
1119 1524 1233 1576 Nec
1257 1523 1359 1577 diei
1381 1524 1533 1577 unius
1561 1544 1690 1595 opus
1719 1538 1794 1577 est
1822 1544 1918 1577 nec

71 1609 345 1705 epistolare
372 1610 684 1706 negotium3
707 1610 919 1677 librum
942 1610 1120 1680 exigit,
1140 1630 1299 1682 quem
1327 1631 1433 1664 non
1461 1612 1603 1681 prius
1631 1612 1916 1682 aggrediar,

69 1695 109 1748 si
141 1710 319 1749 tamen
351 1697 484 1750 curis
515 1684 798 1750 maioribus
833 1718 939 1750 non
971 1698 1208 1750 retrahor
1246 1712 1407 1769 atque
1447 1698 1725 1763 distrahor,
1758 1718 1917 1770 quam

67 1783 122 1835 in
163 1783 502 1836 solitudinem
543 1803 714 1837 meam
755 1804 840 1837 me
880 1786 1094 1838 fortuna
1133 1785 1407 1839 revexerit.
1486 1785 1569 1838 Ibi
1610 1785 1769 1851 enim,
1811 1806 1918 1838 non

69 1869 210 1935 alibi,
232 1890 376 1924 meus
398 1891 512 1924 sum
536 1893 550 1937 3
591 1871 665 1924 ibi
686 1891 830 1925 meus
853 1885 929 1924 est
951 1872 1193 1937 calamuS,
1217 1872 1308 1944 qui
1329 1892 1470 1925 nunc
1491 1872 1675 1943 passim
1699 1873 1916 1925 rebellat
1941 1891 1989 1931 95

68 1970 121 2008 et
150 1971 353 2010 recusat
382 1957 683 2029 imperium,
714 1958 1084 2011 molestissimis
1113 1958 1548 2030 occupationibus
1578 1959 1703 2012 meis
1733 1961 1915 2014 fretus.

68 2044 150 2098 Ita
182 2043 268 2097 ille
300 2044 392 2117 qui
425 2066 488 2098 ex
518 2045 629 2098 otio
661 2065 779 2099 meo
811 2046 931 2116 iuge
963 2046 1236 2116 negotium
1267 2046 1446 2112 habet,
1481 2067 1544 2099 ex
1575 2046 1788 2117 negotio
1820 2045 1916 2099 sibi

66 2129 236 2183 otium
279 2131 502 2202 quaerit,
544 2146 597 2185 et
639 2132 784 2204 quasi
824 2132 1016 2203 impius
1056 2153 1228 2187 servus
1269 2153 1327 2186 ac
1368 2147 1672 2198 contumax,
1715 2133 1916 2186 domini

31 2190 338 2278 {laborem'
324 2237 379 2271 1n
400 2219 637 2318 requiem
665 2238 810 2273 suam
833 2220 1014 2272 trahit.
1077 2220 1182 2274 Vbi
1207 2241 1331 2274 vero
1358 2219 1591 2291 primum
1619 2221 1745 2273 fines
1774 2239 1915 2273 meos

65 2304 308 2374 attigero,
330 2325 482 2359 suum
505 2307 616 2377 ipse
634 2307 818 2377 iugum
846 2307 1029 2360 subeat
1052 2326 1253 2378 cogam,
1276 2321 1329 2360 et
1358 2307 1423 2359 de
1449 2327 1511 2360 eo
1539 2307 1684 2378 quod
1713 2307 1914 2378 quaeris
1942 2331 2013 2359 100

63 2411 292 2445 seorsum
325 2392 570 2463 singulari
601 2393 755 2460 libro,
791 2394 921 2466 quid
954 2393 1175 2447 aliorum
1208 2393 1430 2465 scriptis,
1465 2394 1595 2466 quid
1628 2394 1754 2446 meis
1789 2414 1914 2447 con-

64 2478 274 2531 iecturis
304 2499 562 2551 assequor,
592 2480 832 2534 scribam.
901 2481 1033 2534 Sane
1062 2495 1123 2535 ut
1152 2480 1428 2550 {amiliares
1449 2479 1699 2551 epistolas
1728 2481 1914 2534 ludens

63 2579 117 2618 et
145 2564 200 2618 in
227 2565 340 2636 ipso
366 2566 591 2620 maxime
618 2567 822 2622 viarum
851 2567 1082 2621 discursu
1112 2558 1458 2639 tumultuque
1484 2587 1661 2621 rerum
1689 2567 1913 2621 scribere

62 2652 219 2719 sole0‚
247 2653 316 2717 sic
343 2654 770 2735 adscribendum
796 2655 955 2720 libros
982 2654 1207 2708 solitaria
1236 2654 1415 2727 quiete
1444 2654 1692 2727 dulcique
1714 2654 1830 2712 ‚otio
1858 2669 1912 2708 et

64 2759 254 2810 magno
287 2760 382 2794 nec
418 2741 721 2813 interrupto
755 2741 963 2795 silentio
1001 2762 1130 2813 opus
1167 2755 1262 2795 est.
1335 2741 1480 2794 Vale.
1558 2761 1617 2795 11.
1651 2741 1911 2796 Kalendas
1939 2758 2008 2798 105

64 2826 383 2881 Decembres
407 2850 420 2894 ;
466 2849 530 2882 ex
554 2829 760 2883 itinere.
835 2832 989 2904 [1338
1014 2832 1059 2904 ?]
