2242 3600
690 153 1092 208 NICOLAO
1146 152 1492 207 SYGERO
1909 168 1999 219 103

241 288 484 348 Nicolao
516 288 718 367 Sygero
753 286 1399 365 Constantinopolitano.
1472 284 1638 342 Fam.
1672 283 1834 342 xviii.
1871 300 1924 340 2.

277 396 450 449 LARI
491 398 651 449 animi
681 396 878 449 clarum
913 415 1120 460 munus,
1160 409 1221 447 ut
1261 394 1455 459 decuit,
1486 393 1625 457 fuit3
1676 391 2002 462 operationes

278 483 419 536 enim
457 483 733 536 hominum
775 483 1009 535 animum
1046 481 1341 545 imitantur,
1382 495 1435 533 et
1474 479 1638 550 qualis
1677 478 1897 548 quisque
1934 477 2002 528 sit

163 589 226 621 ex
250 584 466 623 actuum
492 569 747 641 qualitate
771 569 1105 639 conspicitur.
1169 567 1438 637 Singulare
1461 565 1660 636 aliquid
1685 579 1739 617 te
1765 563 2002 628 decebat,

163 675 354 727 nempe
384 656 650 727 singularis
684 676 733 708 es
765 656 860 720 vir,
894 669 948 707 et
981 654 1046 707 ab
1079 654 1187 705 acie
1218 653 1415 723 vulgari
1449 667 1563 705 tota
1594 651 1891 704 intentione
1923 669 2002 701 re-

164 743 495 795 motissimus.
568 742 621 794 Si
655 762 780 794 esses
815 761 947 794 unus
982 761 1010 793 e
1043 740 1259 811 populo,
1295 741 1494 792 fecisses
1528 753 1589 791 ut
1624 737 1828 808 reliqui,
1864 754 2004 788 nunc
2026 757 2049 801 5

164 843 342 882 autem
384 829 613 899 implesti
655 827 929 898 magnifice
971 826 1116 898 quod
1160 840 1314 878 tuum
1358 840 1486 891 erat,
1530 844 1743 895 unoque
1785 816 1907 875 actu
1949 835 2004 874 et

164 917 448 969 amicitiam
480 930 534 968 et
568 916 838 986 ingenium
873 915 1138 985 aptissime
1174 913 1460 965 declarasti.
1532 912 1727 964 Misisti
1762 911 1903 963 enim
1939 909 2006 960 ad

163 1021 248 1055 me
282 1002 347 1055 de
378 1003 620 1073 Europae
650 1002 848 1055 ultimis
882 1001 1081 1054 donum
1115 1020 1221 1071 quo
1255 999 1458 1052 nullum
1485 999 1567 1051 vel
1600 1013 1654 1051 te
1687 997 1891 1067 dignius
1923 995 2006 1048 vel

163 1089 293 1141 mihi
326 1089 521 1159 gratius
555 1088 637 1142 vel
671 1109 726 1141 re
755 1089 863 1159 ipsa
895 1088 1118 1140 nobilius
1153 1088 1367 1139 mittere
1400 1086 1650 1156 potuisses
1679 1126 1690 1137 .
1722 1126 1733 1136 .
1764 1126 1776 1136 .
1848 1082 2006 1154 [Some

158 1177 275 1245 give
298 1175 413 1244 gold
440 1175 541 1227 and
555 1175 730 1247 jewels
757 1175 860 1226 and
886 1193 1053 1226 arouse
1066 1173 1285 1243 feelings
1312 1173 1370 1241 of
1388 1173 1605 1224 avarice.
1670 1171 1775 1222 But
1801 1170 2008 1239 Sygerus

161 1263 302 1315 sends
327 1283 359 1314 a
380 1262 483 1332 gift
507 1263 694 1332 worthy
721 1261 778 1332 os
799 1261 1036 1332 himself]
1097 1261 1320 1313 Donasti
1346 1260 1659 1323 Homerum,
1687 1276 1846 1328 quem
1874 1257 2007 1308 bene

103 1397 110 1403 .
164 1350 370 1402 divinae
395 1350 563 1402 omnis
588 1349 905 1402 inventionis
932 1351 1137 1400 fontem
1163 1362 1218 1400 et
1244 1347 1499 1416 originem
1525 1359 1678 1398 vocat
1703 1343 2006 1396 Ambrosius

163 1435 486 1501 Macrobius,
508 1450 562 1488 et
589 1437 630 1488 si
657 1454 836 1488 omnes
865 1448 1116 1499 tacerent,
1146 1453 1222 1486 res
1248 1434 1357 1503 ipsa
1387 1446 1627 1497 testatur,
1655 1431 1746 1483 sed
1771 1433 2008 1483 fatentur

163 1541 359 1575 omneS.
445 1524 557 1592 Ego
606 1537 784 1575 autem
834 1542 897 1574 ex
946 1521 1190 1574 omnibus
1240 1520 1400 1573 sciens
1450 1537 1617 1571 unum
1668 1517 1767 1570 tibi
1818 1531 2007 1569 testem

163 1609 380 1679 protuli,
424 1629 583 1681 quem
627 1630 689 1662 ex
731 1609 975 1662 omnibus
1018 1607 1221 1660 Latinis
1265 1607 1364 1659 tibi
1405 1604 1861 1658 familiarissimum
1905 1623 2008 1655 esse

163 1696 436 1767 perpendi.
500 1697 608 1749 Illis
635 1697 776 1749 enim
796 1695 954 1758 ,facile
980 1694 1237 1748 credimus
1264 1712 1393 1764 quos
1420 1711 1667 1744 amamuS.

235 1782 337 1835 Sed
378 1783 535 1836 redeo
575 1783 642 1836 ad
683 1784 996 1836 Homerum.
1074 1782 1233 1834 Hunc
1276 1794 1336 1833 tu
1378 1779 1525 1844 mihi,
1567 1779 1645 1831 vir
1687 1777 2006 1841 amicissime,

165 1867 387 1935 donasti,
416 1870 657 1940 promissi
699 1870 792 1923 tui
811 1868 968 1922 simul
999 1887 1057 1921 ac
1090 1866 1334 1920 desiderii
1366 1866 1470 1918 mei
1503 1883 1723 1930 memor,
1756 1863 2010 1936 quodque

164 1976 273 2008 non
319 1956 591 2010 modicum
639 1956 783 2009 dono
834 1956 1036 2021 adiicit,
1082 1954 1293 2007 donasti
1339 1972 1462 2005 eum
1507 1972 1621 2021 non
1672 1952 1728 2019 in
1780 1950 2016 2026 alienum·

160 2062 470 2119 sermonem
491 2042 727 2115 violento
747 2042 906 2122 alveo
941 2041 1254 2111 denvatum,
1289 2040 1380 2092 sed
1411 2059 1474 2092 ex
1509 2039 1629 2109 ipsis
1668 2037 1858 2091 Graeci
1897 2036 2007 2089 elo-

165 2130 277 2200 quii
332 2130 577 2183 scatebris
630 2148 830 2225 purum
884 2143 938 2181 et
1002 2128 1388 2198 incorruptum,
1445 2139 1499 2177 et
1562 2124 1724 2196 qualis
1773 2124 2007 2220 primum

167 2215 346 2269 divino
383 2216 460 2268 illi
498 2215 751 2296 profluxit
791 2215 1018 2284 ingenio,
1094 2211 1372 2265 Summum
1412 2211 1617 2282 utique,
1655 2225 1709 2263 et
1747 2210 1787 2262 si
1824 2229 2007 2262 verum

165 2302 239 2355 rei
290 2302 523 2373 pretium
575 2302 888 2373 exquiritur,
942 2299 1302 2364 inextimabile
1351 2317 1540 2351 munus
1592 2297 1778 2362 habe0,
1818 2296 2008 2366 cuique

168 2388 242 2441 nil
279 2390 440 2460 possit
490 2389 751 2454 accedere,
787 2388 829 2440 si
864 2406 986 2440 cum
1022 2387 1257 2439 Homero
1294 2386 1373 2438 tui
1411 2404 1624 2455 quoque
1661 2383 2007 2455 praesentiam

166 2475 436 2546 largireriS,
470 2496 573 2546 qua
606 2476 738 2528 duce
773 2472 1322 2545 EC-sssgsiss3{,.„liffiussss
1352 2472 1690 2541 introgressus
1730 2470 2006 2540 angustias»,

166 2561 331 2615 laetus
381 2578 434 2616 et
485 2564 598 2616 voti
648 2567 860 2634 comp'os
901 2562 1041 2614 dono
1081 2576 1175 2615 tuo
1214 2564 1430 2627 fruerer,
1471 2561 1835 2631 attonitusque
1880 2577 2006 2610 con-

168 2649 420 2720 spicerem
455 2649 628 2703 lucem
663 2649 805 2702 illam
838 2663 891 2701 et
922 2648 1149 2719 speciosa
1179 2648 1444 2714 miracula,
1478 2648 1543 2700 de
1574 2647 1763 2719 quibus
1795 2647 1850 2698 in
1879 2645 2007 2696 Arte

159 2738 357 2807 poetica
394 2737 605 2790 Flaccus
632 2738 731 2790 ait:
774 2737 1152 2807 ‘Antiphatem
1184 2737 1512 2807 Scyllamque
1543 2749 1597 2788 et
1625 2753 1747 2787 cum
1774 2731 2006 2802 Cyclope

167 2823 529 2894 Charybdim.'
596 2823 698 2876 Sed
726 2844 866 2877 nunc
895 2823 1030 2878 heu!
1072 2823 1202 2894 quid
1237 2842 1385 2893 agam
1414 2827 1431 2876 ἓ
1487 2821 1576 2874 Tu
1612 2820 1743 2872 mihi
1782 2819 2005 2871 nimium

2030 1195 2078 1225 10

2033 1626 2078 1667 15

2031 2063 2080 2091 20

2030 2492 2078 2533 25

167 2910 351 2982 procul
379 2910 514 2976 abeS,
543 2911 668 2963 felix
695 2911 969 2981 utriusque
994 2910 1202 2980 linguae
1230 2910 1420 2963 notitia
1447 2908 1725 2978 singulari;
1771 2904 2005 2958 Barlaam
2028 2925 2079 2963 30

168 3011 406 3050 nostrum
431 2997 560 3049 mihi
585 3016 722 3050 mors
746 2997 980 3062 abstulit,
1006 3011 1060 3049 et
1084 3011 1146 3049 ut
1169 3016 1351 3050 verum
1375 2998 1556 3061 fatear,
1581 2994 1730 3047 illum
1756 3013 1851 3062 ego
1876 2990 2007 3042 mihi

167 3083 309 3153 prius
348 3083 699 3148 abstuleram3
758 3083 1013 3135 iacturam
1052 3083 1409 3149 meam,*dum
1447 3081 1635 3134 honori
1673 3081 1779 3132 eius
1818 3097 2003 3130 consu-

167 3166 346 3232 lerem,
383 3186 489 3218 non
525 3166 713 3236 aspexi.
786 3167 974 3236 Itaque
1010 3165 1138 3218 dum
1174 3166 1239 3218 ad
1275 3166 1633 3236 episcopatum
1667 3161 2005 3215 scandentem

168 3252 401 3319 sublev0,
429 3253 735 3322 magistrum
761 3251 986 3323 perdidi,
1013 3252 1109 3305 sub
1136 3271 1243 3323 quo
1270 3252 1494 3305 militare
1521 3268 1792 3322 coeperam
1820 3266 2005 3317 magna
