2242 3600
326 154 733 207 IOHANNI
791 154 1295 208 COLVMNAE
1351 153 1853 208 CARDINALI
1956 171 2018 224 23

165 284 369 354 vagitus
411 283 580 337 edidit
620 285 677 337 in
719 299 857 337 terra
895 285 1202 355 longinqua,
1244 298 1616 356 spectataeque
1657 284 1847 337 indolis
1887 305 2020 356 puer

167 371 439 423 tenerioris
465 372 606 441 vitae
638 391 798 424 annos
830 371 914 424 vel
944 372 1055 423 sine
1089 386 1159 437 te,
1193 372 1276 424 vel
1306 373 1348 424 si
1381 386 1560 424 tecum
1592 371 1719 441 egit,
1746 391 1806 423 ea
1840 385 2021 424 tamen

162 471 276 512 erat
310 457 587 510 amborum
623 473 779 524 aetas,
814 478 950 529 quae
984 466 1079 510 nec
1113 459 1222 510 veri
1256 458 1438 511 iudicii
1472 478 1635 528 capax
1668 472 1745 511 est
1780 472 1835 510 et
1867 458 2021 510 solidi
2044 469 2093 498 20

163 546 351 597 amoris
377 545 726 597 fundamenta
751 565 859 597 non
884 546 1089 615 recipit.
1152 545 1238 597 Ita
1262 546 1574 616 vel-semper
1597 559 1812 597 eatenus
1839 545 2018 598 absens

162 633 287 697 fuit,
305 631 387 684 vel
410 632 614 684 absenti
633 632 942 684 simillimus.
1001 633 1137 684 Mox
1157 632 1249 684 ubi
1267 633 1647 686 adolescentiae
1667 633 1794 685 fines
1817 634 2018 702 attigit,

161 719 459 772 incredibili
497 719 730 790 quodam
784 738 961 771 amore
1011 719 1329 785 litterarum,
1370 739 1595 791 quarum
1636 718 1780 772 haud
1821 734 2019 772 temere

162 807 441 878 quisquam
468 807 573 859 fuit
600 807 957 876 appetentior,
983 826 1125 859 nunc
1154 827 1249 877 per
1275 807 1504 873 Italiam,
1532 826 1674 859 nunc
1700 827 1795 877 per
1820 807 2018 859 Gallias

161 894 317 963 longe
345 893 560 964 lateque
590 895 950 964 peregrinatus
981 909 1077 947 est.
1163 896 1249 947 Ita
1280 894 1409 947 dum
1442 894 1686 947 anhelans
1719 914 1776 946 ac
1809 914 1904 964 per
1934 893 2015 946 di·
2040 906 2088 947 25

160 1000 304 1034 versa
329 995 587 1033 terrarum
619 1000 922 1050 generosam
953 981 1097 1034 sitim
1129 997 1364 1052 satagens
1397 982 1745 1051 exstinguere,
1770 981 2016 1035 omnibus

160 1071 328 1121 ferme
386 1068 687 1121 studiorum
747 1068 986 1121 fontibus
1046 1070 1397 1139 immergitur,
1458 1088 1625 1139 usque
1685 1067 1752 1120 ad
1810 1068 2014 1121 virilem

159 1169 388 1208 aetatem
417 1170 770 1226 spontaneum
799 1157 909 1226 ipse
937 1156 1035 1208 sibi
1062 1156 1255 1209 indixit
1285 1157 1517 1209 exilium.
1582 1157 1706 1208 Post
1734 1156 1880 1221 haec,
1909 1156 2017 1208 sola

158 1243 371 1295 virtutis
429 1242 778 1294 admiratione
835 1243 1082 1295 facillime
1139 1243 1489 1313 dispensante,
1549 1256 1673 1294 ante
1730 1262 1891 1295 annos
1949 1242 2016 1294 ad

158 1330 521 1400 episcopatum
557 1343 635 1382 est
668 1344 968 1400 provectus,
1004 1336 1164 1401 quem
1199 1331 1270 1383 sic
1303 1331 1459 1400 gessit
1494 1343 1557 1382 ut
1591 1343 1803 1381 tantum
1840 1330 2013 1382 virum
2035 1345 2087 1383 30

158 1436 267 1469 non
314 1416 487 1469 altiori
533 1416 663 1468 solio
709 1416 980 1469 sedentem
1030 1437 1242 1470 cernere
1288 1431 1506 1470 cunctos
1556 1416 1719 1468 bonos
1766 1416 2013 1487 puderet,

118 1505 366 1575 'praeter
414 1522 536 1555 eum
585 1504 777 1573 ipsum,
823 1505 916 1574 qui
966 1504 1031 1555 ab
1080 1505 1227 1556 omni
1272 1503 1574 1556 ambitionis
1624 1518 1717 1555 aut
1767 1504 2014 1556 avaritiae

157 1590 342 1643 ardore
386 1590 699 1655 liberrimus,
747 1605 801 1642 et
847 1605 987 1643 sorte
1030 1611 1121 1643 sua
1165 1591 1349 1656 laetus,
1396 1590 1743 1661 episcopalem
1788 1590 2011 1659 gradum

156 1677 431 1747 insigniter
459 1677 810 1742 honestabat;
862 1693 1023 1748 atque
1052 1678 1293 1730 altiorem
1324 1698 1432 1730 non
1461 1677 1623 1729 modo
1653 1696 1760 1729 non
1788 1677 2012 1746 optabat

157 1783 443 1829 ascensum,
490 1765 622 1834 quin
669 1765 844 1833 potius
894 1764 1257 1817 detestabatur
1303 1779 1465 1835 atque
1509 1764 1713 1829 oderat,
1762 1778 1816 1816 et
1863 1763 2010 1816 velut
2032 1780 2082 1822 35

155 1851 452 1922 praecipitii
491 1850 667 1903 sedem
706 1850 838 1903 illud
882 1871 1155 1921 supremae
1195 1854 1442 1904 fortunae
1478 1851 1746 1920 fastigium
1790 1851 2008 1921 perhor-

157 1932 327 1991 rebat]

224 2026 389 2079 Cuius
423 2025 496 2076 rei
531 2044 651 2077 cum
688 2026 851 2077 totius
884 2027 1023 2078 vitae
1059 2040 1211 2079 tenor
1243 2040 1405 2097 atque
1438 2045 1571 2077 unus
1604 2044 1810 2095 semper
1841 2045 2007 2078 secre-

158 2114 303 2167 tioris
354 2126 528 2165 textus
580 2113 793 2183 eloquii,
842 2114 899 2164 in
947 2133 1056 2183 quo
1106 2113 1299 2166 celsum
1349 2113 1499 2165 illum
1550 2132 1608 2164 ac
1660 2112 2005 2182 tranquillum

156 2201 391 2260 animum
441 2198 765 2265 videbamus,
818 2214 933 2252 tum
983 2201 1263 2270 praecipue
1314 2200 1457 2252 testis
1507 2213 1585 2251 est
1632 2200 1901 2268 gravitatis
1952 2214 2007 2252 et
2029 2213 2080 2249 40

155 2287 442 2347 modestiae
486 2301 933 2357 contemptusque
959 2301 1303 2349 ‘terrenarum
1349 2305 1524 2338 rerum
1568 2285 1724 2356 plena
1767 2286 2004 2356 epistola,

155 2393 322 2445 quam*
355 2393 516 2425 manu
556 2374 767 2443 propria
809 2374 1093 2426 novissimis
1134 2374 1274 2426 vitae
1313 2393 1435 2426 suae
1476 2373 1802 2443 temporibus
1844 2373 1910 2424 ad
1952 2387 2006 2426 te

155 2461 396 2531 scripsit3
479 2479 747 2530 quamque
810 2460 938 2512 dum
1002 2460 1192 2530 releg0,
1256 2479 1529 2530 nunquam
1591 2460 1701 2512 sine
1762 2460 2014 2512 iucundis

154 2548 377 2600 lacrimis
408 2547 559 2599 facio.
629 2548 723 2599 Est
757 2548 897 2599 enim
925 2547 1067 2617 apud
1093 2567 1197 2612 me,
1224 2566 1384 2618 quem
1418 2547 1553 2599 illius
1588 2561 1643 2598 et
1677 2546 1914 2598 custodia
1949 2562 2003 2599 et

156 2654 400 2705 responso
461 2634 681 2703 dignum
745 2634 1049 2699 credidisti3
1132 2654 1273 2687 nunc
1335 2620 1519 2687 etiam⁴
1557 2649 1612 2686 et
1673 2649 2000 2709 praesen-tem
2024 2650 2074 2691 45

154 2737 388 2793 spectare
427 2736 481 2773 et
518 2722 657 2774 vivas
696 2740 846 2773 voces
892 2721 1072 2774 audire
1118 2722 1248 2773 mihi
1294 2722 1493 2786 videor,
1542 2741 1637 2773 nec
1683 2740 2001 2791 magnopere

155 2809 281 2862 ullas
302 2809 564 2878 requirere
590 2809 1023 2878 philosophorum
1045 2809 1258 2874 scholas,
1283 2823 1391 2861 tam
1412 2809 1567 2879 plene
1586 2809 1660 2860 ibi
1680 2810 1999 2878 paucissimis

152 2895 321 2949 verbis
359 2895 597 2960 absolvit,
636 2914 771 2965 quae
807 2895 872 2946 ad
909 2895 1247 2948 sobrietatem
1285 2897 1556 2965 pertinent
1594 2910 1648 2947 et
1686 2895 1751 2946 ad
1789 2896 1996 2948 beatam

152 2984 334 3037 vitam.
393 2982 574 3052 Atque
595 2982 735 3034 inter
758 2996 947 3046 cetera,
972 2983 1166 3035 mirum
1191 2983 1358 3047 dictu,
1383 3002 1503 3035 cum
1529 2982 1595 3034 de
1618 3002 1680 3034 eo
1704 2982 1998 3035 attollendo

153 3071 306 3124 altius
345 3069 544 3122 assidue
582 3084 843 3140 ageretur,
885 3070 1262 3139 religiosissimo
1305 3070 1643 3123 iureiurando
1682 3070 1998 3139 interposito
2019 3082 2068 3123 50

152 3157 376 3211 affirmat
400 3175 453 3208 se
476 3176 629 3226 supra
656 3177 816 3229 quam
843 3155 984 3208 credi
1009 3172 1181 3227 posset
1207 3157 1359 3210 rebus
1391 3158 1491 3210 suis
1524 3177 1628 3210 esse
1659 3171 1973 3209 contentum

151 3263 248 3298 nec
285 3243 394 3297 ullo
429 3257 587 3314 pacto
624 3245 778 3297 altius
815 3262 1164 3310 ascensurum,
1203 3258 1257 3297 et
1294 3245 1350 3296 in
1386 3263 1495 3314 quo
1534 3258 1663 3297 tunc
1702 3258 1813 3297 erat
1850 3257 1992 3297 statu
