2242 3600
475 180 871 235 IOHANNI
931 180 1041 232 DE
1097 177 1580 231 CERTALDO
1852 193 1944 244 123

102 311 287 364 iisdem
315 311 541 380 vestigiis
580 309 644 362 ab
672 310 947 379 ignorante
977 325 1304 360 concursum.
1367 306 1486 358 Hoc
1516 318 1694 357 autem
1722 307 1796 358 ita
1825 324 1946 371 esse,

103 400 146 451 si
181 398 311 469 quid
348 415 581 467 unquam
618 396 748 448 mihi
785 395 1075 448 crediturus
1113 413 1181 459 es,
1219 392 1388 446 crede.
1462 391 1612 444 Nihil
1648 405 1724 444 est
1760 392 1946 445 veriuS.

105 483 266 544 Quod
295 484 336 535 si
367 483 498 552 mihi
530 502 625 535 nec
656 481 845 552 pudor,
878 495 939 533 ut
972 479 1113 533 credi
1146 479 1352 544 debeat,
1386 498 1481 531 nec
1513 477 1769 530 modestia
1799 498 1947 548 prae-

102 571 338 636 stitisset,
366 569 604 623 iuvenilis
633 569 793 620 animi
822 582 1000 620 tumor
1027 566 1342 637 praestabat.
1407 565 1583 617 Hodie
1610 565 1750 617 enim
1779 564 1843 616 ab
1871 565 1949 617 his

107 657 241 710 curis
264 656 420 726 longe
442 664 574 709 sum.
635 656 705 708 Et
729 669 1010 725 postquam
1037 666 1180 705 totus
1204 652 1328 704 inde
1353 652 1458 704 abii
1480 650 1819 722 sublatusque
1843 670 1951 722 quo
1972 668 2022 706 80

107 743 325 795 tenebar
348 757 518 795 metus
544 756 639 806 est,
665 755 719 793 et
744 740 866 792 alios
892 758 1069 792 omnes
1096 753 1148 791 et
1173 739 1314 790 hunc
1340 752 1462 790 ante
1487 737 1607 789 alios
1634 751 1748 789 tota
1771 750 1951 788 mente

104 830 344 900 suspicio.
407 830 520 881 Iam
546 828 638 899 qui
663 847 747 879 me
773 827 880 878 aliis
905 824 1247 878 iudicandum
1274 824 1480 890 dabam,
1507 843 1647 876 nunc
1674 822 1739 875 de
1764 823 1871 874 aliis
1895 823 1951 874 in

103 915 313 967 silentio
340 914 573 978 iudicans
602 914 741 966 varie
768 913 985 984 quidem
1012 913 1069 965 in
1096 903 1324 982 reliquis,
1353 913 1409 964 in
1436 912 1536 964 hoc
1564 912 1639 963 ita
1666 910 1860 975 iudico,
1890 923 1952 962 ut

107 1001 259 1053 facile
277 1001 375 1053 sibi
393 1000 615 1074 yplgaris
636 1000 967 1070 eloquentiae
984 999 1212 1070 palmam
1234 999 1357 1052 dem
1379 1040 1390 1051 .
1422 1040 1433 1051 .
1465 1040 1476 1050 .
1540 997 1666 1068 [His
1684 998 1955 1049 detractors

105 1107 192 1139 are
219 1087 402 1157 utterly
430 1086 740 1157 uncriticab]
803 1086 963 1146 Quod
984 1085 1050 1137 ad
1070 1104 1155 1137 me
1181 1085 1393 1150 attinet,
1416 1085 1576 1136 miror
1602 1103 1698 1153 ego
1722 1082 1872 1135 illum
1900 1095 1953 1134 et
1973 1090 2022 1140 85

108 1173 287 1243 diligo,
321 1194 428 1226 non
468 1187 769 1226 contemno.
846 1174 915 1225 Et
955 1172 1012 1224 id
1051 1174 1190 1224 forte
1230 1190 1349 1223 meo
1388 1172 1501 1223 iure
1542 1170 1781 1234 dixerim,
1815 1169 1856 1221 si
1888 1167 1954 1220 ad

87 1260 241 1319 (hanc
287 1274 515 1312 aetatem
555 1259 832 1356 pervenire
875 1258 952 1310 illi
994 1258 1179 1310 datum
1221 1271 1369 1323 esset,
1411 1275 1602 1327 paucos
1643 1237 1979 1307 habiturum

78 1320 487 1443 ms&
482 1344 697 1398 amicior
722 1364 881 1416 quam
908 1345 1055 1397 mihi.
1118 1345 1203 1397 Ita
1230 1344 1348 1396 dico
1371 1344 1414 1395 si
1439 1357 1700 1414 quantum
1728 1341 1955 1394 delectat

108 1433 338 1503 ingenio,
378 1447 589 1485 tantum
627 1432 858 1484 moribus
898 1430 1219 1495 delectaret3
1276 1431 1411 1482 sicut
1449 1449 1511 1481 ex
1549 1429 1750 1482 diverso
1788 1427 1957 1480 nullos

102 1520 300 1601 Qubus
339 1534 469 1572 esset
506 1520 761 1584 infestior,
801 1538 960 1590 quam
998 1519 1091 1571 hos
1127 1519 1474 1590 ineptissimos
1512 1502 1824 1597 laudatores,
1863 1516 1956 1586 qui
1978 1536 2028 1576 90

55 1674 61 1679 -
109 1596 326 1659 0111111110
357 1606 487 1677 quid
514 1605 733 1659 laudent
763 1606 959 1677 quidve
987 1605 1292 1676 improbent
1323 1626 1385 1658 ex
1415 1625 1583 1676 aequo
1614 1604 1871 1668 nesciunt,
1902 1616 1957 1655 et

109 1713 213 1763 qua
249 1693 390 1745 nulla
425 1708 613 1764 poetae
647 1693 951 1764 praesertim
986 1693 1191 1763 gravior
1224 1693 1429 1758 iniuria,
1464 1692 1656 1762 scripta
1693 1691 1798 1743 eius
1834 1710 1955 1761 pro-

110 1780 407 1832 nuntiando
432 1780 663 1832 lacerant
690 1794 850 1850 atque
877 1794 1226 1850 corrumpunt
1249 1800 1263 1844 ;
1311 1799 1445 1850 quae
1474 1798 1568 1848 ego
1595 1778 1832 1842 forsitan,
1861 1777 1957 1828 nisi

110 1886 196 1919 me
222 1886 461 1920 meorum
489 1887 612 1919 cura
643 1880 853 1920 vocaret
881 1866 980 1919 alio
1006 1886 1103 1937 pro
1132 1865 1267 1919 virili
1299 1879 1449 1936 parte
1476 1865 1541 1916 ab
1573 1865 1674 1916 hoc
1705 1863 1956 1928 ludibrio,

110 1953 449 2006 vindicarem.
525 1955 684 2006 Nunc
725 1953 870 2024 quod
909 1972 1076 2006 unum
1115 1967 1293 2018 restat,
1335 1971 1527 2023 queror
1566 1966 1620 2003 et
1658 1950 1957 2003 stomachor
1980 1973 2028 2015 95

111 2040 265 2099 illius⁷
287 2041 546 2110 egregiam
582 2040 690 2093 stili
727 2042 959 2092 frontem
997 2039 1252 2092 inertibus
1293 2039 1484 2091 horum
1520 2038 1709 2107 linguis
1740 2036 1958 2107 conspui

110 2126 432 2198 foedarique.
519 2127 622 2180 Vbi
663 2146 829 2180 unum
870 2126 1016 2198 quod
1053 2126 1196 2179 locus
1238 2126 1398 2196 exigit
1439 2144 1547 2178 non
1584 2123 1764 2189 sileb0,
1806 2123 1960 2175 fuisse

112 2214 243 2266 mihi
270 2233 378 2267 non
410 2213 653 2266 ultimam
690 2233 895 2266 causam
922 2214 1056 2266 hanc
1090 2213 1197 2267 stili
1232 2213 1336 2266 eius
1360 2211 1647 2276 deserendi,
1670 2211 1754 2263 cui
1783 2211 1958 2263 adole-

115 2319 255 2353 scens
274 2300 616 2354 incubueram
647 2342 658 2353 .
692 2342 703 2353 .
737 2342 748 2353 .
803 2300 881 2371 [H
882 2320 908 2352 e
911 2300 1098 2370 seared
1118 2300 1229 2352 that
1251 2300 1330 2352 the
1348 2319 1480 2352 same
1491 2298 1611 2369 fate
1632 2297 1791 2350 would
1810 2296 1962 2366 befall

112 2387 192 2440 his
214 2407 319 2440 own
334 2401 516 2458 poems,
542 2407 598 2439 as
622 2389 676 2440 in
683 2388 805 2457 fact
827 2386 1125 2458 happened]
1986 2413 2057 2440 100

182 2475 322 2526 Nam
363 2474 509 2545 quod
547 2476 687 2527 inter
725 2474 902 2527 laudes
945 2474 1138 2539 dixisti,
1178 2474 1408 2544 potuisse
1446 2472 1596 2525 illum
1636 2473 1677 2524 si
1717 2471 1962 2524 voluisset

115 2561 216 2614 alio
253 2562 360 2614 stili
400 2562 498 2627 uti,
540 2561 696 2614 credo
737 2561 971 2631 aedepol.
1058 2560 1255 2630 Magna
1296 2561 1436 2612 enim
1476 2559 1605 2611 mihi
1647 2558 1712 2610 de
1750 2558 1961 2628 ingenio

116 2649 223 2701 eius
251 2649 430 2719 opinio
458 2662 534 2701 est
557 2669 571 2713 ;
619 2649 849 2719 potuisse
877 2648 1017 2700 enim
1045 2647 1220 2699 omnia
1247 2647 1437 2717 quibus
1464 2645 1791 2710 intendisset,
1821 2664 1960 2697 nunc

116 2756 179 2787 ex
198 2735 387 2805 quibus
407 2734 698 2787 intenderit
718 2734 890 2805 palam
919 2748 995 2786 est
1025 2774 1037 2786 .
1069 2774 1081 2786 .
1113 2775 1126 2786 .
1189 2732 1272 2802 [P.
1301 2733 1411 2786 does
1437 2745 1520 2784 not
1544 2751 1671 2802 envy
1690 2733 1861 2783 Dante
1883 2731 1962 2783 the

110 2821 325 2892 popular
362 2821 598 2891 applause
636 2822 695 2873 he
733 2821 823 2872 has
859 2819 1006 2891 τουπ]
1079 2821 1261 2873 Iurato
1300 2820 1430 2872 mihi
1469 2819 1628 2871 fidem
1669 2819 1830 2884 dabis,
1871 2818 1961 2870 de-
1986 2827 2055 2869 105

114 2908 298 2960 lectari
327 2926 412 2959 me
441 2908 665 2960 hominis
694 2907 905 2977 ingenio
936 2921 989 2959 et
1018 2906 1156 2972 stilo,
1188 2926 1359 2977 neque
1390 2907 1455 2958 de
1483 2907 1583 2958 hoc
1614 2925 1848 2976 unquam
1878 2925 1963 2957 me

119 2995 216 3047 nisi
259 2994 534 3063 magnifice
575 2994 723 3064 loqui
764 2994 996 3046 solitum.
1085 2995 1264 3046 Vnum
1309 3008 1384 3046 est
1429 2993 1574 3064 quod
1617 2992 1962 3062 scrupulosius

118 3081 507 3152 inquirentibus
548 3080 829 3151 aliquando
869 3079 1131 3150 respondi,
1171 3081 1326 3132 fuisse
1363 3079 1514 3132 illum
1553 3079 1651 3131 sibi
1690 3080 1963 3149 imparem,

120 3167 266 3239 quod
296 3169 352 3220 in
376 3167 582 3245 Elgari
614 3167 823 3238 eloquio
854 3186 1014 3237 quam
1044 3167 1101 3219 in
1132 3167 1446 3219 carminibus
1477 3180 1570 3218 aut
1602 3185 1751 3237 prosa
1782 3165 1966 3217 clarior

124 3270 283 3326 atque
325 3255 479 3308 altior
521 3255 754 3324 assurgit.
833 3253 993 3314 Quod
1035 3274 1206 3324 neque
1249 3268 1309 3307 tu
1352 3273 1522 3324 neges,
1565 3273 1660 3306 nec
1702 3254 1802 3306 rite
1844 3272 1964 3305 cen·
1990 3265 2061 3293 ¹1³>
