<?xml version="1.0" encoding="UTF-8"?>
<!DOCTYPE html PUBLIC "-//W3C//DTD XHTML 1.0 Transitional//EN"
    "http://www.w3.org/TR/xhtml1/DTD/xhtml1-transitional.dtd">
<html xmlns="http://www.w3.org/1999/xhtml" xml:lang="en" lang="en">
 <head>
  <title>
</title>
<meta http-equiv="Content-Type" content="text/html;charset=utf-8" />
  <meta name='ocr-system' content='tesseract 3.04.00' />
  <meta name='ocr-capabilities' content='ocr_page ocr_carea ocr_par ocr_line ocrx_word'/>
</head>
<body>
  <div class='ocr_page' id='page_1' title='image "./epistolaeselecta00petruoft_0066.png"; bbox 0 0 2242 3600; ppageno 0'>
   <div class='ocr_carea' id='block_1_1' title="bbox 263 180 1536 253">
    <p class='ocr_par' dir='ltr' id='par_1_1' title="bbox 263 180 1536 253">
     <span class='ocr_line' id='line_1_1' title="bbox 263 180 1536 253; baseline -0.002 -17"><span class='ocrx_word' id='word_1_1' title='bbox 263 200 329 253; x_wconf 86' lang='lat'><strong>50</strong></span> <span class='ocrx_word' id='word_1_2' title='bbox 876 181 1279 234; x_wconf 87' lang='lat' dir='ltr'>OLYMPIO</span> <span class='ocrx_word' id='word_1_3' title='bbox 1334 180 1536 233; x_wconf 85' lang='lat' dir='ltr'><strong>svo·</strong></span> 
     </span>
    </p>
   </div>
   <div class='ocr_carea' id='block_1_2' title="bbox 172 306 2151 3306">
    <p class='ocr_par' dir='ltr' id='par_1_2' title="bbox 172 306 2151 3306">
     <span class='ocr_line' id='line_1_2' title="bbox 259 306 2091 378; baseline -0.002 -16"><span class='ocrx_word' id='word_1_4' title='bbox 259 324 434 362; x_wconf 88' lang='lat' dir='ltr'><strong>noster</strong></span> <span class='ocrx_word' id='word_1_5' title='bbox 463 309 613 375; x_wconf 92' lang='lat' dir='ltr'><strong>obiit,</strong></span> <span class='ocrx_word' id='word_1_6' title='bbox 645 323 697 361; x_wconf 92' lang='lat' dir='ltr'><strong>et</strong></span> <span class='ocrx_word' id='word_1_7' title='bbox 730 308 961 360; x_wconf 83' lang='lat' dir='ltr'><strong>Socrates</strong></span> <span class='ocrx_word' id='word_1_8' title='bbox 992 326 1152 374; x_wconf 87' lang='lat' dir='ltr'><strong>meus,</strong></span> <span class='ocrx_word' id='word_1_9' title='bbox 1184 309 1275 378; x_wconf 92' lang='lat' dir='ltr'><strong>qui</strong></span> <span class='ocrx_word' id='word_1_10' title='bbox 1304 307 1437 359; x_wconf 89' lang='lat' dir='ltr'><strong>solus</strong></span> <span class='ocrx_word' id='word_1_11' title='bbox 1466 306 1541 359; x_wconf 93' lang='lat' dir='ltr'><strong>ibi</strong></span> <span class='ocrx_word' id='word_1_12' title='bbox 1570 319 1665 372; x_wconf 86' lang='lat' dir='ltr'><strong>est,</strong></span> <span class='ocrx_word' id='word_1_13' title='bbox 1696 307 1928 378; x_wconf 80' lang='lat' dir='ltr'><strong>quamvis</strong></span> <span class='ocrx_word' id='word_1_14' title='bbox 1957 325 2091 360; x_wconf 89' lang='lat' dir='ltr'><strong>unus</strong></span> 
     </span>
     <span class='ocr_line' id='line_1_3' title="bbox 258 387 2091 466; baseline -0.002 -18"><span class='ocrx_word' id='word_1_15' title='bbox 258 398 314 448; x_wconf 92' lang='lat' dir='ltr'><strong>in</strong></span> <span class='ocrx_word' id='word_1_16' title='bbox 351 416 434 448; x_wconf 89' lang='lat' dir='ltr'><strong>me</strong></span> <span class='ocrx_word' id='word_1_17' title='bbox 472 397 631 466; x_wconf 86' lang='lat' dir='ltr'>possit</span> <span class='ocrx_word' id='word_1_18' title='bbox 668 396 859 460; x_wconf 92' lang='lat' dir='ltr'><strong>omnia,</strong></span> <span class='ocrx_word' id='word_1_19' title='bbox 899 395 1132 464; x_wconf 86' lang='lat' dir='ltr'><strong>quamvis</strong></span> <span class='ocrx_word' id='word_1_20' title='bbox 1169 387 1487 447; x_wconf 79' lang='lat' dir='ltr'><strong>inveteratae</strong></span> <span class='ocrx_word' id='word_1_21' title='bbox 1525 393 1911 445; x_wconf 86' lang='lat' dir='ltr'><strong>consuetudinis</strong></span> <span class='ocrx_word' id='word_1_22' title='bbox 1947 393 2000 447; x_wconf 83' lang='lat' dir='ltr'><strong>vi</strong></span> <span class='ocrx_word' id='word_1_23' title='bbox 2037 406 2091 445; x_wconf 90' lang='lat' dir='ltr'><strong>et</strong></span> 
     </span>
     <span class='ocr_line' id='line_1_4' title="bbox 191 479 2090 553; baseline -0.002 -19"><span class='ocrx_word' id='word_1_24' title='bbox 191 504 240 546; x_wconf 84' lang='lat'><strong>25</strong></span> <span class='ocrx_word' id='word_1_25' title='bbox 258 484 367 553; x_wconf 90' lang='lat' dir='ltr'><strong>ipse</strong></span> <span class='ocrx_word' id='word_1_26' title='bbox 401 483 473 534; x_wconf 91' lang='lat' dir='ltr'><strong>ibi</strong></span> <span class='ocrx_word' id='word_1_27' title='bbox 513 502 615 534; x_wconf 89' lang='lat' dir='ltr'><strong>esse</strong></span> <span class='ocrx_word' id='word_1_28' title='bbox 653 496 705 534; x_wconf 90' lang='lat' dir='ltr'><strong>et</strong></span> <span class='ocrx_word' id='word_1_29' title='bbox 742 501 918 533; x_wconf 90' lang='lat' dir='ltr'><strong>omnes</strong></span> <span class='ocrx_word' id='word_1_30' title='bbox 953 501 1067 534; x_wconf 88' lang='lat' dir='ltr'><strong>suos</strong></span> <span class='ocrx_word' id='word_1_31' title='bbox 1108 500 1297 551; x_wconf 91' lang='lat' dir='ltr'><strong>meque</strong></span> <span class='ocrx_word' id='word_1_32' title='bbox 1332 495 1454 532; x_wconf 90' lang='lat' dir='ltr'><strong>ante</strong></span> <span class='ocrx_word' id='word_1_33' title='bbox 1488 480 1609 532; x_wconf 92' lang='lat' dir='ltr'><strong>alios</strong></span> <span class='ocrx_word' id='word_1_34' title='bbox 1646 498 1821 532; x_wconf 89' lang='lat' dir='ltr'><strong>secum</strong></span> <span class='ocrx_word' id='word_1_35' title='bbox 1859 498 1963 532; x_wconf 90' lang='lat' dir='ltr'><strong>esse</strong></span> <span class='ocrx_word' id='word_1_36' title='bbox 2000 479 2090 531; x_wconf 90' lang='lat' dir='ltr'><strong>de-</strong></span> 
     </span>
     <span class='ocr_line' id='line_1_5' title="bbox 258 565 2092 638; baseline -0.003 -17"><span class='ocrx_word' id='word_1_37' title='bbox 258 569 466 634; x_wconf 90' lang='lat' dir='ltr'><strong>sideret,</strong></span> <span class='ocrx_word' id='word_1_38' title='bbox 497 587 766 638; x_wconf 91' lang='lat' dir='ltr'><strong>nunquam</strong></span> <span class='ocrx_word' id='word_1_39' title='bbox 796 581 973 619; x_wconf 91' lang='lat' dir='ltr'><strong>tamen</strong></span> <span class='ocrx_word' id='word_1_40' title='bbox 1001 567 1233 632; x_wconf 83' lang='lat' dir='ltr'>audebit,</span> <span class='ocrx_word' id='word_1_41' title='bbox 1263 568 1407 618; x_wconf 91' lang='lat' dir='ltr'><strong>omni</strong></span> <span class='ocrx_word' id='word_1_42' title='bbox 1434 586 1523 636; x_wconf 90' lang='lat' dir='ltr'><strong>spe</strong></span> <span class='ocrx_word' id='word_1_43' title='bbox 1552 566 1781 630; x_wconf 88' lang='lat' dir='ltr'><strong>abscissa,</strong></span> <span class='ocrx_word' id='word_1_44' title='bbox 1809 565 1865 617; x_wconf 91' lang='lat' dir='ltr'><strong>in</strong></span> <span class='ocrx_word' id='word_1_45' title='bbox 1892 584 1972 617; x_wconf 88' lang='lat' dir='ltr'><strong>eas</strong></span> <span class='ocrx_word' id='word_1_46' title='bbox 2000 582 2092 616; x_wconf 84' lang='lat' dir='ltr'><strong>nos</strong></span> 
     </span>
     <span class='ocr_line' id='line_1_6' title="bbox 261 651 2092 723; baseline -0.003 -15"><span class='ocrx_word' id='word_1_47' title='bbox 261 670 419 708; x_wconf 90' lang='lat' dir='ltr'><strong>terras</strong></span> <span class='ocrx_word' id='word_1_48' title='bbox 453 674 722 720; x_wconf 85' lang='lat' dir='ltr'><strong>accersere,</strong></span> <span class='ocrx_word' id='word_1_49' title='bbox 757 654 848 706; x_wconf 94' lang='lat' dir='ltr'><strong>ubi</strong></span> <span class='ocrx_word' id='word_1_50' title='bbox 881 672 1057 705; x_wconf 90' lang='lat' dir='ltr'><strong>omnes</strong></span> <span class='ocrx_word' id='word_1_51' title='bbox 1090 673 1293 723; x_wconf 88' lang='lat' dir='ltr'><strong>prorsus</strong></span> <span class='ocrx_word' id='word_1_52' title='bbox 1328 653 1642 722; x_wconf 86' lang='lat' dir='ltr'><strong>alienigenae</strong></span> <span class='ocrx_word' id='word_1_53' title='bbox 1674 666 1834 721; x_wconf 92' lang='lat' dir='ltr'><strong>atque</strong></span> <span class='ocrx_word' id='word_1_54' title='bbox 1864 651 2092 721; x_wconf 80' lang='lat' dir='ltr'><strong>hospites</strong></span> 
     </span>
     <span class='ocr_line' id='line_1_7' title="bbox 260 735 2093 809; baseline -0.003 -16"><span class='ocrx_word' id='word_1_55' title='bbox 260 742 427 794; x_wconf 77' lang='lat' dir='ltr'><strong>futuri</strong></span> <span class='ocrx_word' id='word_1_56' title='bbox 465 742 637 792; x_wconf 63' lang='lat' dir='ltr'><strong>simus</strong></span> <span class='ocrx_word' id='word_1_57' title='bbox 713 740 902 809; x_wconf 89' lang='lat' dir='ltr'><strong>Neque</strong></span> <span class='ocrx_word' id='word_1_58' title='bbox 940 740 1080 791; x_wconf 92' lang='lat' dir='ltr'><strong>enim</strong></span> <span class='ocrx_word' id='word_1_59' title='bbox 1118 739 1270 791; x_wconf 92' lang='lat' dir='ltr'><strong>ludus</strong></span> <span class='ocrx_word' id='word_1_60' title='bbox 1309 752 1386 791; x_wconf 92' lang='lat' dir='ltr'><strong>est</strong></span> <span class='ocrx_word' id='word_1_61' title='bbox 1424 737 1722 790; x_wconf 90' lang='lat' dir='ltr'><strong>hominibus</strong></span> <span class='ocrx_word' id='word_1_62' title='bbox 1762 735 2001 788; x_wconf 88' lang='lat' dir='ltr'><strong>mortalia</strong></span> <span class='ocrx_word' id='word_1_63' title='bbox 2038 747 2093 787; x_wconf 86' lang='lat' dir='ltr'><strong>et</strong></span> 
     </span>
     <span class='ocr_line' id='line_1_8' title="bbox 261 822 2092 897; baseline -0.003 -18"><span class='ocrx_word' id='word_1_64' title='bbox 261 828 453 879; x_wconf 90' lang='lat' dir='ltr'><strong>caduca</strong></span> <span class='ocrx_word' id='word_1_65' title='bbox 482 826 783 897; x_wconf 88' lang='lat' dir='ltr'><strong>corpuscula</strong></span> <span class='ocrx_word' id='word_1_66' title='bbox 812 825 1139 878; x_wconf 86' lang='lat' dir='ltr'><strong>trahentibus</strong></span> <span class='ocrx_word' id='word_1_67' title='bbox 1168 825 1355 890; x_wconf 90' lang='lat' dir='ltr'><strong>dicere,</strong></span> <span class='ocrx_word' id='word_1_68' title='bbox 1374 824 1518 895; x_wconf 90' lang='lat' dir='ltr'><strong>quod</strong></span> <span class='ocrx_word' id='word_1_69' title='bbox 1546 825 1747 876; x_wconf 91' lang='lat' dir='ltr'><strong>animae</strong></span> <span class='ocrx_word' id='word_1_70' title='bbox 1773 822 1946 875; x_wconf 78' lang='lat' dir='ltr'><strong>felices</strong></span> <span class='ocrx_word' id='word_1_71' title='bbox 1975 839 2092 873; x_wconf 88' lang='lat' dir='ltr'><strong>cor-</strong></span> 
     </span>
     <span class='ocr_line' id='line_1_9' title="bbox 189 908 2093 986; baseline -0.002 -24"><span class='ocrx_word' id='word_1_72' title='bbox 189 937 238 975; x_wconf 84' lang='lat'><strong>30</strong></span> <span class='ocrx_word' id='word_1_73' title='bbox 261 934 387 986; x_wconf 91' lang='lat' dir='ltr'><strong>pore</strong></span> <span class='ocrx_word' id='word_1_74' title='bbox 424 913 622 966; x_wconf 90' lang='lat' dir='ltr'><strong>solutae</strong></span> <span class='ocrx_word' id='word_1_75' title='bbox 648 911 788 983; x_wconf 89' lang='lat' dir='ltr'><strong>apud</strong></span> <span class='ocrx_word' id='word_1_76' title='bbox 812 912 1090 980; x_wconf 87' lang='lat' dir='ltr'><strong>Virgilium</strong></span> <span class='ocrx_word' id='word_1_77' title='bbox 1124 911 1416 981; x_wconf 90' lang='lat' dir='ltr'><strong>loquuntur</strong></span> <span class='ocrx_word' id='word_1_78' title='bbox 1439 931 1451 963; x_wconf 74' lang='grc' dir='ltr'>ε</span> <span class='ocrx_word' id='word_1_79' title='bbox 1507 912 1522 936; x_wconf 89' lang='lat'>‘</span> <span class='ocrx_word' id='word_1_80' title='bbox 1541 909 1690 963; x_wconf 93' lang='lat' dir='ltr'><strong>Nulli</strong></span> <span class='ocrx_word' id='word_1_81' title='bbox 1721 923 1862 961; x_wconf 89' lang='lat' dir='ltr'><strong>certa</strong></span> <span class='ocrx_word' id='word_1_82' title='bbox 1890 908 2093 973; x_wconf 73' lang='lat' dir='ltr'><strong>domus»,</strong></span> 
     </span>
     <span class='ocr_line' id='line_1_10' title="bbox 260 994 2095 1068; baseline -0.003 -17"><span class='ocrx_word' id='word_1_83' title='bbox 260 1001 385 1053; x_wconf 89' lang='lat' dir='ltr'><strong>lucis</strong></span> <span class='ocrx_word' id='word_1_84' title='bbox 407 999 699 1051; x_wconf 88' lang='lat' dir='ltr'><strong>habitamus</strong></span> <span class='ocrx_word' id='word_1_85' title='bbox 726 999 916 1068; x_wconf 84' lang='lat' dir='ltr'><strong>opacis,</strong></span> <span class='ocrx_word' id='word_1_86' title='bbox 936 999 1293 1068; x_wconf 89' lang='lat' dir='ltr'><strong>Riparumque</strong></span> <span class='ocrx_word' id='word_1_87' title='bbox 1315 1010 1452 1048; x_wconf 90' lang='lat' dir='ltr'><strong>toros</strong></span> <span class='ocrx_word' id='word_1_88' title='bbox 1475 1010 1528 1048; x_wconf 92' lang='lat' dir='ltr'><strong>et</strong></span> <span class='ocrx_word' id='word_1_89' title='bbox 1548 1010 1696 1067; x_wconf 91' lang='lat' dir='ltr'><strong>prata</strong></span> <span class='ocrx_word' id='word_1_90' title='bbox 1721 995 1948 1048; x_wconf 88' lang='lat' dir='ltr'><strong>recentia</strong></span> <span class='ocrx_word' id='word_1_91' title='bbox 1975 994 2095 1046; x_wconf 86' lang='lat' dir='ltr'><strong>rivis</strong></span> 
     </span>
     <span class='ocr_line' id='line_1_11' title="bbox 263 1079 2094 1153; baseline -0.003 -16"><span class='ocrx_word' id='word_1_92' title='bbox 263 1085 543 1138; x_wconf 87' lang='lat' dir='ltr'><strong>Incolimus</strong></span> <span class='ocrx_word' id='word_1_93' title='bbox 563 1089 594 1137; x_wconf 77' lang='lat'><strong>⁹.</strong></span> <span class='ocrx_word' id='word_1_94' title='bbox 652 1084 704 1136; x_wconf 88' lang='lat' dir='ltr'><strong>Si</strong></span> <span class='ocrx_word' id='word_1_95' title='bbox 722 1084 861 1135; x_wconf 90' lang='lat' dir='ltr'><strong>enim</strong></span> <span class='ocrx_word' id='word_1_96' title='bbox 877 1085 974 1136; x_wconf 90' lang='lat' dir='ltr'><strong>ista</strong></span> <span class='ocrx_word' id='word_1_97' title='bbox 993 1083 1305 1148; x_wconf 89' lang='lat' dir='ltr'><strong>sufficerent,</strong></span> <span class='ocrx_word' id='word_1_98' title='bbox 1327 1096 1497 1153; x_wconf 90' lang='lat' dir='ltr'><strong>posset</strong></span> <span class='ocrx_word' id='word_1_99' title='bbox 1518 1083 1703 1152; x_wconf 90' lang='lat' dir='ltr'><strong>utique</strong></span> <span class='ocrx_word' id='word_1_100' title='bbox 1719 1082 1904 1134; x_wconf 90' lang='lat' dir='ltr'><strong>Clausa</strong></span> <span class='ocrx_word' id='word_1_101' title='bbox 1918 1079 2094 1145; x_wconf 87' lang='lat' dir='ltr'><strong>Vallis,</strong></span> 
     </span>
     <span class='ocr_line' id='line_1_12' title="bbox 262 1166 2094 1238; baseline -0.003 -16"><span class='ocrx_word' id='word_1_102' title='bbox 262 1171 402 1223; x_wconf 91' lang='lat' dir='ltr'><strong>unde</strong></span> <span class='ocrx_word' id='word_1_103' title='bbox 421 1170 627 1238; x_wconf 89' lang='lat' dir='ltr'><strong>Sorgiae</strong></span> <span class='ocrx_word' id='word_1_104' title='bbox 647 1171 761 1221; x_wconf 81' lang='lat' dir='ltr'><strong>fons</strong></span> <span class='ocrx_word' id='word_1_105' title='bbox 783 1170 1030 1238; x_wconf 87' lang='lat' dir='ltr'><strong>erumpit,</strong></span> <span class='ocrx_word' id='word_1_106' title='bbox 1050 1168 1197 1220; x_wconf 90' lang='lat' dir='ltr'><strong>nobis</strong></span> <span class='ocrx_word' id='word_1_107' title='bbox 1219 1168 1459 1220; x_wconf 90' lang='lat' dir='ltr'><strong>omnibus</strong></span> <span class='ocrx_word' id='word_1_108' title='bbox 1481 1167 1689 1219; x_wconf 91' lang='lat' dir='ltr'><strong>abunde</strong></span> <span class='ocrx_word' id='word_1_109' title='bbox 1709 1166 1898 1219; x_wconf 89' lang='lat' dir='ltr'><strong>rivulos</strong></span> <span class='ocrx_word' id='word_1_110' title='bbox 1920 1166 2094 1217; x_wconf 89' lang='lat' dir='ltr'><strong>niten-</strong></span> 
     </span>
     <span class='ocr_line' id='line_1_13' title="bbox 263 1250 2095 1321; baseline -0.003 -13"><span class='ocrx_word' id='word_1_111' title='bbox 263 1272 337 1309; x_wconf 90' lang='lat' dir='ltr'><strong>tes</strong></span> <span class='ocrx_word' id='word_1_112' title='bbox 360 1271 413 1308; x_wconf 90' lang='lat' dir='ltr'><strong>et</strong></span> <span class='ocrx_word' id='word_1_113' title='bbox 439 1256 704 1308; x_wconf 78' lang='lat' dir='ltr'><strong>frondosas</strong></span> <span class='ocrx_word' id='word_1_114' title='bbox 728 1256 908 1307; x_wconf 90' lang='lat' dir='ltr'><strong>domos</strong></span> <span class='ocrx_word' id='word_1_115' title='bbox 933 1269 987 1307; x_wconf 90' lang='lat' dir='ltr'><strong>et</strong></span> <span class='ocrx_word' id='word_1_116' title='bbox 1013 1255 1230 1307; x_wconf 91' lang='lat' dir='ltr'><strong>herbosa</strong></span> <span class='ocrx_word' id='word_1_117' title='bbox 1256 1254 1446 1307; x_wconf 90' lang='lat' dir='ltr'><strong>cubilia</strong></span> <span class='ocrx_word' id='word_1_118' title='bbox 1469 1254 1776 1305; x_wconf 86' lang='lat' dir='ltr'><strong>ministrare.</strong></span> <span class='ocrx_word' id='word_1_119' title='bbox 1853 1250 1955 1303; x_wconf 90' lang='lat' dir='ltr'><strong>Sed</strong></span> <span class='ocrx_word' id='word_1_120' title='bbox 1980 1250 2095 1321; x_wconf 90' lang='lat' dir='ltr'><strong>plus</strong></span> 
     </span>
     <span class='ocr_line' id='line_1_14' title="bbox 191 1337 2151 1421; baseline -0.004 -26"><span class='ocrx_word' id='word_1_121' title='bbox 191 1363 240 1405; x_wconf 85' lang='lat'><strong>35</strong></span> <span class='ocrx_word' id='word_1_122' title='bbox 263 1343 459 1413; x_wconf 86' lang='lat' dir='ltr'><strong>aliquid</strong></span> <span class='ocrx_word' id='word_1_123' title='bbox 490 1344 648 1411; x_wconf 84' lang='lat' dir='ltr'><strong>exigit</strong></span> <span class='ocrx_word' id='word_1_124' title='bbox 679 1356 899 1407; x_wconf 89' lang='lat' dir='ltr'><strong>natura;</strong></span> <span class='ocrx_word' id='word_1_125' title='bbox 951 1342 1283 1421; x_wconf 52' lang='lat' dir='ltr'><strong>philosophos</strong></span> <span class='ocrx_word' id='word_1_126' title='bbox 1315 1340 1530 1411; x_wconf 91' lang='lat' dir='ltr'><strong>quidem</strong></span> <span class='ocrx_word' id='word_1_127' title='bbox 1561 1354 1614 1392; x_wconf 88' lang='lat' dir='ltr'><strong>et</strong></span> <span class='ocrx_word' id='word_1_128' title='bbox 1643 1353 1821 1410; x_wconf 91' lang='lat' dir='ltr'><strong>poetas</strong></span> <span class='ocrx_word' id='word_1_129' title='bbox 1854 1337 2007 1390; x_wconf 90' lang='lat' dir='ltr'><strong>duros</strong></span> <span class='ocrx_word' id='word_1_130' title='bbox 2038 1355 2096 1389; x_wconf 90' lang='lat' dir='ltr'><strong>ac</strong></span> <span class='ocrx_word' id='word_1_131' title='bbox 2149 1350 2151 1352; x_wconf 82' lang='grc'><strong>’</strong></span> 
     </span>
     <span class='ocr_line' id='line_1_15' title="bbox 261 1423 2094 1497; baseline -0.003 -16"><span class='ocrx_word' id='word_1_132' title='bbox 261 1449 430 1481; x_wconf 83' lang='lat' dir='ltr'><strong>saxeos</strong></span> <span class='ocrx_word' id='word_1_133' title='bbox 479 1429 661 1497; x_wconf 88' lang='lat' dir='ltr'><strong>vulgus</strong></span> <span class='ocrx_word' id='word_1_134' title='bbox 713 1430 931 1482; x_wconf 83' lang='lat' dir='ltr'><strong>extimat</strong></span> <span class='ocrx_word' id='word_1_135' title='bbox 953 1450 967 1493; x_wconf 83' lang='lat'>3</span> <span class='ocrx_word' id='word_1_136' title='bbox 1027 1428 1116 1480; x_wconf 88' lang='lat' dir='ltr'><strong>sed</strong></span> <span class='ocrx_word' id='word_1_137' title='bbox 1158 1429 1213 1479; x_wconf 91' lang='lat' dir='ltr'><strong>in</strong></span> <span class='ocrx_word' id='word_1_138' title='bbox 1259 1428 1358 1479; x_wconf 90' lang='lat' dir='ltr'><strong>hoc</strong></span> <span class='ocrx_word' id='word_1_139' title='bbox 1409 1427 1623 1491; x_wconf 78' lang='lat' dir='ltr'><strong>fallitur,</strong></span> <span class='ocrx_word' id='word_1_140' title='bbox 1664 1439 1725 1478; x_wconf 93' lang='lat' dir='ltr'><strong>ut</strong></span> <span class='ocrx_word' id='word_1_141' title='bbox 1774 1425 1830 1476; x_wconf 90' lang='lat' dir='ltr'><strong>in</strong></span> <span class='ocrx_word' id='word_1_142' title='bbox 1879 1423 2094 1487; x_wconf 87' lang='lat' dir='ltr'><strong>multis3</strong></span> 
     </span>
     <span class='ocr_line' id='line_1_16' title="bbox 262 1510 2094 1580; baseline -0.002 -13.163"><span class='ocrx_word' id='word_1_143' title='bbox 262 1516 432 1568; x_wconf 89' lang='lat' dir='ltr'><strong>carnei</strong></span> <span class='ocrx_word' id='word_1_144' title='bbox 465 1516 604 1567; x_wconf 90' lang='lat' dir='ltr'><strong>enim</strong></span> <span class='ocrx_word' id='word_1_145' title='bbox 632 1529 772 1580; x_wconf 90' lang='lat' dir='ltr'><strong>sunt,</strong></span> <span class='ocrx_word' id='word_1_146' title='bbox 802 1516 1187 1567; x_wconf 86' lang='lat' dir='ltr'><strong>humanitatem</strong></span> <span class='ocrx_word' id='word_1_147' title='bbox 1217 1514 1465 1579; x_wconf 85' lang='lat' dir='ltr'><strong>retinent,</strong></span> <span class='ocrx_word' id='word_1_148' title='bbox 1495 1512 1749 1565; x_wconf 90' lang='lat' dir='ltr'><strong>abiiciunt</strong></span> <span class='ocrx_word' id='word_1_149' title='bbox 1779 1510 2094 1580; x_wconf 84' lang='lat' dir='ltr'><strong>voluptates.</strong></span> 
     </span>
     <span class='ocr_line' id='line_1_17' title="bbox 262 1596 2093 1671; baseline -0.004 -17"><span class='ocrx_word' id='word_1_150' title='bbox 262 1604 352 1654; x_wconf 89' lang='lat' dir='ltr'><strong>Est</strong></span> <span class='ocrx_word' id='word_1_151' title='bbox 376 1616 551 1654; x_wconf 89' lang='lat' dir='ltr'><strong>autem</strong></span> <span class='ocrx_word' id='word_1_152' title='bbox 575 1615 715 1653; x_wconf 91' lang='lat' dir='ltr'><strong>certa</strong></span> <span class='ocrx_word' id='word_1_153' title='bbox 737 1602 818 1654; x_wconf 89' lang='lat' dir='ltr'><strong>vel</strong></span> <span class='ocrx_word' id='word_1_154' title='bbox 838 1601 1225 1671; x_wconf 90' lang='lat' dir='ltr'><strong>philosophicae</strong></span> <span class='ocrx_word' id='word_1_155' title='bbox 1246 1600 1327 1653; x_wconf 89' lang='lat' dir='ltr'><strong>vel</strong></span> <span class='ocrx_word' id='word_1_156' title='bbox 1343 1600 1579 1670; x_wconf 89' lang='lat' dir='ltr'><strong>poeticae</strong></span> <span class='ocrx_word' id='word_1_157' title='bbox 1597 1612 1738 1651; x_wconf 90' lang='lat' dir='ltr'><strong>meta</strong></span> <span class='ocrx_word' id='word_1_158' title='bbox 1761 1596 2093 1661; x_wconf 89' lang='lat' dir='ltr'><strong>necessitatis,</strong></span> 
     </span>
     <span class='ocr_line' id='line_1_18' title="bbox 262 1683 2093 1758; baseline -0.003 -19"><span class='ocrx_word' id='word_1_159' title='bbox 262 1707 419 1758; x_wconf 92' lang='lat' dir='ltr'><strong>quam</strong></span> <span class='ocrx_word' id='word_1_160' title='bbox 452 1689 733 1757; x_wconf 90' lang='lat' dir='ltr'><strong>praeterire</strong></span> <span class='ocrx_word' id='word_1_161' title='bbox 763 1701 1062 1757; x_wconf 91' lang='lat' dir='ltr'><strong>suspectum</strong></span> <span class='ocrx_word' id='word_1_162' title='bbox 1094 1688 1176 1739; x_wconf 86' lang='lat' dir='ltr'><strong>sit.</strong></span> <span class='ocrx_word' id='word_1_163' title='bbox 1246 1687 1371 1738; x_wconf 89' lang='lat' dir='ltr'><strong>Non</strong></span> <span class='ocrx_word' id='word_1_164' title='bbox 1404 1699 1479 1737; x_wconf 91' lang='lat' dir='ltr'><strong>est</strong></span> <span class='ocrx_word' id='word_1_165' title='bbox 1512 1705 1605 1755; x_wconf 92' lang='lat' dir='ltr'><strong>per</strong></span> <span class='ocrx_word' id='word_1_166' title='bbox 1639 1704 1691 1736; x_wconf 91' lang='lat' dir='ltr'><strong>se</strong></span> <span class='ocrx_word' id='word_1_167' title='bbox 1726 1683 1998 1748; x_wconf 90' lang='lat' dir='ltr'><strong>sufficiens,</strong></span> <span class='ocrx_word' id='word_1_168' title='bbox 2031 1695 2093 1735; x_wconf 92' lang='lat' dir='ltr'><strong>ut</strong></span> 
     </span>
     <span class='ocr_line' id='line_1_19' title="bbox 190 1772 2096 1843; baseline -0.002 -20"><span class='ocrx_word' id='word_1_169' title='bbox 190 1795 240 1831; x_wconf 92' lang='lat'><strong>40</strong></span> <span class='ocrx_word' id='word_1_170' title='bbox 264 1775 334 1827; x_wconf 88' lang='lat' dir='ltr'><strong>ait</strong></span> <span class='ocrx_word' id='word_1_171' title='bbox 360 1774 680 1839; x_wconf 89' lang='lat' dir='ltr'><strong>Aristoteles,</strong></span> <span class='ocrx_word' id='word_1_172' title='bbox 707 1788 948 1826; x_wconf 90' lang='lat' dir='ltr'><strong>naturam</strong></span> <span class='ocrx_word' id='word_1_173' title='bbox 974 1773 1243 1843; x_wconf 87' lang='lat' dir='ltr'><strong>speculari,</strong></span> <span class='ocrx_word' id='word_1_174' title='bbox 1271 1772 1360 1824; x_wconf 90' lang='lat' dir='ltr'><strong>sed</strong></span> <span class='ocrx_word' id='word_1_175' title='bbox 1385 1784 1597 1841; x_wconf 90' lang='lat' dir='ltr'><strong>oportet</strong></span> <span class='ocrx_word' id='word_1_176' title='bbox 1623 1784 1677 1822; x_wconf 92' lang='lat' dir='ltr'><strong>et</strong></span> <span class='ocrx_word' id='word_1_177' title='bbox 1703 1789 1888 1839; x_wconf 92' lang='lat' dir='ltr'><strong>corpus</strong></span> <span class='ocrx_word' id='word_1_178' title='bbox 1913 1787 2096 1821; x_wconf 89' lang='lat' dir='ltr'><strong>sanum</strong></span> 
     </span>
     <span class='ocr_line' id='line_1_20' title="bbox 221 1857 2095 1930; baseline -0.003 -18"><span class='ocrx_word' id='word_1_179' title='bbox 221 1874 235 1908; x_wconf 64' lang='grc' dir='ltr'>ἱ</span> <span class='ocrx_word' id='word_1_180' title='bbox 263 1880 365 1912; x_wconf 91' lang='lat' dir='ltr'><strong>esse</strong></span> <span class='ocrx_word' id='word_1_181' title='bbox 392 1875 444 1911; x_wconf 90' lang='lat' dir='ltr'><strong>et</strong></span> <span class='ocrx_word' id='word_1_182' title='bbox 472 1861 647 1912; x_wconf 90' lang='lat' dir='ltr'><strong>cibum</strong></span> <span class='ocrx_word' id='word_1_183' title='bbox 681 1875 733 1912; x_wconf 91' lang='lat' dir='ltr'><strong>et</strong></span> <span class='ocrx_word' id='word_1_184' title='bbox 764 1862 1025 1930; x_wconf 91' lang='lat' dir='ltr'><strong>reliquum</strong></span> <span class='ocrx_word' id='word_1_185' title='bbox 1056 1859 1369 1911; x_wconf 80' lang='lat' dir='ltr'><strong>famulatum</strong></span> <span class='ocrx_word' id='word_1_186' title='bbox 1401 1859 1632 1910; x_wconf 87' lang='lat' dir='ltr'><strong>existere.</strong></span> <span class='ocrx_word' id='word_1_187' title='bbox 1699 1858 1713 1881; x_wconf 89' lang='lat'>‘</span> <span class='ocrx_word' id='word_1_188' title='bbox 1737 1857 1926 1926; x_wconf 90' lang='lat' dir='ltr'><strong>Neque</strong></span> <span class='ocrx_word' id='word_1_189' title='bbox 1955 1857 2095 1907; x_wconf 89' lang='lat' dir='ltr'><strong>enim</strong></span> 
     </span>
     <span class='ocr_line' id='line_1_21' title="bbox 262 1939 2097 2019; baseline -0.002 -22"><span class='ocrx_word' id='word_1_190' title='bbox 262 1961 470 1998; x_wconf 90' lang='lat' dir='ltr'><strong>cantare</strong></span> <span class='ocrx_word' id='word_1_191' title='bbox 507 1948 603 1999; x_wconf 91' lang='lat' dir='ltr'><strong>sub</strong></span> <span class='ocrx_word' id='word_1_192' title='bbox 644 1939 1017 2019; x_wconf 37' lang='lat' dir='ltr'><strong>antrojPierio,</strong></span> <span class='ocrx_word' id='word_1_193' title='bbox 1058 1947 1360 2016; x_wconf 86' lang='lat' dir='ltr'><strong>thyrsumve</strong></span> <span class='ocrx_word' id='word_1_194' title='bbox 1398 1958 1572 2015; x_wconf 89' lang='lat' dir='ltr'><strong>potest</strong></span> <span class='ocrx_word' id='word_1_195' title='bbox 1613 1944 1913 2012; x_wconf 90' lang='lat' dir='ltr'><strong>contingere</strong></span> <span class='ocrx_word' id='word_1_196' title='bbox 1951 1961 2097 1995; x_wconf 88' lang='lat' dir='ltr'><strong>saeva</strong></span> 
     </span>
     <span class='ocr_line' id='line_1_22' title="bbox 262 2029 2094 2105; baseline -0.003 -20"><span class='ocrx_word' id='word_1_197' title='bbox 262 2035 540 2103; x_wconf 87' lang='lat' dir='ltr'><strong>Paupertas</strong></span> <span class='ocrx_word' id='word_1_198' title='bbox 579 2047 737 2103; x_wconf 89' lang='lat' dir='ltr'><strong>atque</strong></span> <span class='ocrx_word' id='word_1_199' title='bbox 774 2035 898 2105; x_wconf 80' lang='lat' dir='ltr'><strong>aeris</strong></span> <span class='ocrx_word' id='word_1_200' title='bbox 934 2035 1101 2103; x_wconf 90' lang='lat' dir='ltr'><strong>inops,</strong></span> <span class='ocrx_word' id='word_1_201' title='bbox 1136 2052 1242 2102; x_wconf 95' lang='lat' dir='ltr'><strong>quo</strong></span> <span class='ocrx_word' id='word_1_202' title='bbox 1281 2045 1436 2083; x_wconf 90' lang='lat' dir='ltr'><strong>nocte</strong></span> <span class='ocrx_word' id='word_1_203' title='bbox 1477 2031 1666 2100; x_wconf 89' lang='lat' dir='ltr'><strong>dieque</strong></span> <span class='ocrx_word' id='word_1_204' title='bbox 1700 2029 1903 2098; x_wconf 88' lang='lat' dir='ltr'><strong>Corpus</strong></span> <span class='ocrx_word' id='word_1_205' title='bbox 1941 2029 2094 2097; x_wconf 86' lang='lat' dir='ltr'><strong>eget,&#39;</strong></span> 
     </span>
     <span class='ocr_line' id='line_1_23' title="bbox 262 2115 2098 2190; baseline -0.003 -19"><span class='ocrx_word' id='word_1_206' title='bbox 262 2134 323 2172; x_wconf 91' lang='lat' dir='ltr'><strong>ut</strong></span> <span class='ocrx_word' id='word_1_207' title='bbox 357 2120 614 2189; x_wconf 86' lang='lat' dir='ltr'><strong>Satyricus</strong></span> <span class='ocrx_word' id='word_1_208' title='bbox 647 2121 737 2185; x_wconf 89' lang='lat' dir='ltr'><strong>ait,</strong></span> <span class='ocrx_word' id='word_1_209' title='bbox 770 2140 959 2189; x_wconf 88' lang='lat' dir='ltr'><strong>magno</strong></span> <span class='ocrx_word' id='word_1_210' title='bbox 991 2140 1048 2172; x_wconf 90' lang='lat' dir='ltr'><strong>ac</strong></span> <span class='ocrx_word' id='word_1_211' title='bbox 1079 2133 1337 2190; x_wconf 89' lang='lat' dir='ltr'><strong>perpetuo</strong></span> <span class='ocrx_word' id='word_1_212' title='bbox 1368 2117 1508 2188; x_wconf 89' lang='lat' dir='ltr'><strong>apud</strong></span> <span class='ocrx_word' id='word_1_213' title='bbox 1541 2117 1719 2169; x_wconf 90' lang='lat' dir='ltr'><strong>doctos</strong></span> <span class='ocrx_word' id='word_1_214' title='bbox 1751 2115 2098 2186; x_wconf 91' lang='lat' dir='ltr'><strong>philosophici</strong></span> 
     </span>
     <span class='ocr_line' id='line_1_24' title="bbox 189 2199 2129 2276; baseline -0.003 -18"><span class='ocrx_word' id='word_1_215' title='bbox 189 2231 238 2274; x_wconf 88' lang='lat'><strong>45</strong></span> <span class='ocrx_word' id='word_1_216' title='bbox 264 2208 561 2276; x_wconf 89' lang='lat' dir='ltr'><strong>poeticique</strong></span> <span class='ocrx_word' id='word_1_217' title='bbox 603 2206 859 2275; x_wconf 89' lang='lat' dir='ltr'><strong>dogmatis</strong></span> <span class='ocrx_word' id='word_1_218' title='bbox 900 2226 1148 2258; x_wconf 89' lang='lat' dir='ltr'><strong>consensu</strong></span> <span class='ocrx_word' id='word_1_219' title='bbox 1189 2224 1361 2257; x_wconf 88' lang='lat' dir='ltr'><strong>rerum</strong></span> <span class='ocrx_word' id='word_1_220' title='bbox 1400 2204 1490 2255; x_wconf 90' lang='lat' dir='ltr'><strong>sed</strong></span> <span class='ocrx_word' id='word_1_221' title='bbox 1528 2203 1807 2256; x_wconf 88' lang='lat' dir='ltr'><strong>verborum</strong></span> <span class='ocrx_word' id='word_1_222' title='bbox 1845 2199 2129 2254; x_wconf 28' lang='lat' dir='ltr'><strong>varietate*</strong></span> 
     </span>
     <span class='ocr_line' id='line_1_25' title="bbox 263 2288 2099 2362; baseline -0.002 -19"><span class='ocrx_word' id='word_1_223' title='bbox 263 2293 559 2362; x_wconf 90' lang='lat' dir='ltr'><strong>multiplici.</strong></span> <span class='ocrx_word' id='word_1_224' title='bbox 620 2293 790 2361; x_wconf 89' lang='lat' dir='ltr'><strong>Igitur</strong></span> <span class='ocrx_word' id='word_1_225' title='bbox 813 2292 998 2344; x_wconf 89' lang='lat' dir='ltr'><strong>Clausa</strong></span> <span class='ocrx_word' id='word_1_226' title='bbox 1019 2292 1194 2356; x_wconf 86' lang='lat' dir='ltr'><strong>Vallis,</strong></span> <span class='ocrx_word' id='word_1_227' title='bbox 1219 2305 1279 2343; x_wconf 92' lang='lat' dir='ltr'><strong>ut</strong></span> <span class='ocrx_word' id='word_1_228' title='bbox 1303 2303 1551 2360; x_wconf 89' lang='lat' dir='ltr'><strong>coeptum</strong></span> <span class='ocrx_word' id='word_1_229' title='bbox 1573 2309 1772 2359; x_wconf 91' lang='lat' dir='ltr'><strong>sequar,</strong></span> <span class='ocrx_word' id='word_1_230' title='bbox 1797 2288 1863 2340; x_wconf 93' lang='lat' dir='ltr'><strong>ad</strong></span> <span class='ocrx_word' id='word_1_231' title='bbox 1886 2288 2099 2358; x_wconf 89' lang='lat' dir='ltr'><strong>aliquod</strong></span> 
     </span>
     <span class='ocr_line' id='line_1_26' title="bbox 264 2375 2096 2447; baseline -0.002 -18"><span class='ocrx_word' id='word_1_232' title='bbox 264 2378 419 2430; x_wconf 86' lang='lat' dir='ltr'><strong>breve</strong></span> <span class='ocrx_word' id='word_1_233' title='bbox 451 2392 657 2447; x_wconf 88' lang='lat' dir='ltr'><strong>tempus</strong></span> <span class='ocrx_word' id='word_1_234' title='bbox 690 2378 1005 2430; x_wconf 91' lang='lat' dir='ltr'><strong>urbanarum</strong></span> <span class='ocrx_word' id='word_1_235' title='bbox 1037 2378 1373 2446; x_wconf 87' lang='lat' dir='ltr'><strong>voluptatum</strong></span> <span class='ocrx_word' id='word_1_236' title='bbox 1406 2375 1579 2427; x_wconf 91' lang='lat' dir='ltr'><strong>taedio</strong></span> <span class='ocrx_word' id='word_1_237' title='bbox 1611 2375 1825 2439; x_wconf 86' lang='lat' dir='ltr'><strong>affectis,</strong></span> <span class='ocrx_word' id='word_1_238' title='bbox 1858 2387 1920 2426; x_wconf 94' lang='lat' dir='ltr'><strong>ut</strong></span> <span class='ocrx_word' id='word_1_239' title='bbox 1951 2375 2096 2440; x_wconf 91' lang='lat' dir='ltr'><strong>olim,</strong></span> 
     </span>
     <span class='ocr_line' id='line_1_27' title="bbox 265 2461 2097 2528; baseline -0.002 -14"><span class='ocrx_word' id='word_1_240' title='bbox 265 2463 570 2515; x_wconf 90' lang='lat' dir='ltr'><strong>diverticula</strong></span> <span class='ocrx_word' id='word_1_241' title='bbox 623 2483 728 2515; x_wconf 91' lang='lat' dir='ltr'><strong>non</strong></span> <span class='ocrx_word' id='word_1_242' title='bbox 779 2465 1053 2516; x_wconf 90' lang='lat' dir='ltr'><strong>inamoena</strong></span> <span class='ocrx_word' id='word_1_243' title='bbox 1104 2463 1379 2526; x_wconf 89' lang='lat' dir='ltr'><strong>sufficeret,</strong></span> <span class='ocrx_word' id='word_1_244' title='bbox 1432 2462 1487 2512; x_wconf 91' lang='lat' dir='ltr'><strong>in</strong></span> <span class='ocrx_word' id='word_1_245' title='bbox 1537 2461 1754 2528; x_wconf 90' lang='lat' dir='ltr'><strong>longum</strong></span> <span class='ocrx_word' id='word_1_246' title='bbox 1807 2474 1950 2511; x_wconf 90' lang='lat' dir='ltr'><strong>certe</strong></span> <span class='ocrx_word' id='word_1_247' title='bbox 2001 2479 2097 2512; x_wconf 88' lang='lat' dir='ltr'><strong>nec</strong></span> 
     </span>
     <span class='ocr_line' id='line_1_28' title="bbox 265 2544 2101 2619; baseline -0.002 -19"><span class='ocrx_word' id='word_1_248' title='bbox 265 2549 599 2618; x_wconf 89' lang='lat' dir='ltr'><strong>promitteret</strong></span> <span class='ocrx_word' id='word_1_249' title='bbox 636 2551 911 2601; x_wconf 88' lang='lat' dir='ltr'><strong>necessaria</strong></span> <span class='ocrx_word' id='word_1_250' title='bbox 947 2569 1042 2601; x_wconf 91' lang='lat' dir='ltr'><strong>nec</strong></span> <span class='ocrx_word' id='word_1_251' title='bbox 1077 2561 1377 2619; x_wconf 87' lang='lat' dir='ltr'><strong>praestaret.</strong></span> <span class='ocrx_word' id='word_1_252' title='bbox 1418 2589 1429 2599; x_wconf 92' lang='lat'><strong>.</strong></span> <span class='ocrx_word' id='word_1_253' title='bbox 1470 2588 1481 2598; x_wconf 92' lang='lat'><strong>.</strong></span> <span class='ocrx_word' id='word_1_254' title='bbox 1521 2588 1533 2598; x_wconf 99' lang='lat'><strong>.</strong></span> <span class='ocrx_word' id='word_1_255' title='bbox 1571 2544 1661 2615; x_wconf 90' lang='lat' dir='ltr'><strong>[W</strong></span> <span class='ocrx_word' id='word_1_256' title='bbox 1660 2565 1686 2596; x_wconf 82' lang='lat' dir='ltr'><strong>e</strong></span> <span class='ocrx_word' id='word_1_257' title='bbox 1721 2557 1848 2597; x_wconf 84' lang='lat' dir='ltr'><strong>must</strong></span> <span class='ocrx_word' id='word_1_258' title='bbox 1883 2545 2101 2598; x_wconf 83' lang='lat' dir='ltr'><strong>consider</strong></span> 
     </span>
     <span class='ocr_line' id='line_1_29' title="bbox 193 2634 712 2705; baseline 0 -18"><span class='ocrx_word' id='word_1_259' title='bbox 193 2651 241 2693; x_wconf 87' lang='lat'><strong>50</strong></span> <span class='ocrx_word' id='word_1_260' title='bbox 263 2635 354 2704; x_wconf 84' lang='lat' dir='ltr'><strong>life</strong></span> <span class='ocrx_word' id='word_1_261' title='bbox 381 2654 437 2686; x_wconf 85' lang='lat' dir='ltr'><strong>as</strong></span> <span class='ocrx_word' id='word_1_262' title='bbox 464 2654 495 2685; x_wconf 85' lang='lat' dir='ltr'><strong>a</strong></span> <span class='ocrx_word' id='word_1_263' title='bbox 521 2634 712 2705; x_wconf 63' lang='lat' dir='ltr'><strong>whole]</strong></span> 
     </span>
     <span class='ocr_line' id='line_1_30' title="bbox 265 2716 2099 2791; baseline -0.002 -20"><span class='ocrx_word' id='word_1_264' title='bbox 265 2782 268 2785; x_wconf 24' lang='lat'><strong><em>¹</em></strong></span> <span class='ocrx_word' id='word_1_265' title='bbox 333 2719 450 2771; x_wconf 91' lang='lat' dir='ltr'><strong>Scio</strong></span> <span class='ocrx_word' id='word_1_266' title='bbox 493 2719 708 2772; x_wconf 87' lang='lat' dir='ltr'><strong>Clausae</strong></span> <span class='ocrx_word' id='word_1_267' title='bbox 747 2721 904 2773; x_wconf 89' lang='lat' dir='ltr'><strong>Vallis</strong></span> <span class='ocrx_word' id='word_1_268' title='bbox 947 2720 1235 2791; x_wconf 88' lang='lat' dir='ltr'><strong>optabilem</strong></span> <span class='ocrx_word' id='word_1_269' title='bbox 1279 2718 1472 2771; x_wconf 90' lang='lat' dir='ltr'><strong>aestivo</strong></span> <span class='ocrx_word' id='word_1_270' title='bbox 1514 2716 1817 2786; x_wconf 89' lang='lat' dir='ltr'><strong>praesertim</strong></span> <span class='ocrx_word' id='word_1_271' title='bbox 1860 2730 2099 2786; x_wconf 89' lang='lat' dir='ltr'><strong>tempore</strong></span> 
     </span>
     <span class='ocr_line' id='line_1_31' title="bbox 263 2801 2100 2877; baseline -0.003 -19"><span class='ocrx_word' id='word_1_272' title='bbox 263 2807 561 2871; x_wconf 91' lang='lat' dir='ltr'><strong>stationem,</strong></span> <span class='ocrx_word' id='word_1_273' title='bbox 607 2820 659 2858; x_wconf 91' lang='lat' dir='ltr'><strong>et</strong></span> <span class='ocrx_word' id='word_1_274' title='bbox 703 2808 743 2858; x_wconf 90' lang='lat' dir='ltr'><strong>si</strong></span> <span class='ocrx_word' id='word_1_275' title='bbox 786 2806 878 2859; x_wconf 91' lang='lat' dir='ltr'><strong>ulli</strong></span> <span class='ocrx_word' id='word_1_276' title='bbox 922 2825 1154 2877; x_wconf 90' lang='lat' dir='ltr'><strong>unquam</strong></span> <span class='ocrx_word' id='word_1_277' title='bbox 1198 2823 1413 2857; x_wconf 88' lang='lat' dir='ltr'><strong>secessus</strong></span> <span class='ocrx_word' id='word_1_278' title='bbox 1456 2802 1542 2854; x_wconf 90' lang='lat' dir='ltr'><strong>ille</strong></span> <span class='ocrx_word' id='word_1_279' title='bbox 1584 2816 1758 2871; x_wconf 86' lang='lat' dir='ltr'><strong>gratus</strong></span> <span class='ocrx_word' id='word_1_280' title='bbox 1803 2803 1924 2868; x_wconf 85' lang='lat' dir='ltr'><strong>fuit,</strong></span> <span class='ocrx_word' id='word_1_281' title='bbox 1967 2801 2100 2854; x_wconf 87' lang='lat' dir='ltr'><strong>mihi</strong></span> 
     </span>
     <span class='ocr_line' id='line_1_32' title="bbox 267 2887 2101 2961; baseline -0.002 -17"><span class='ocrx_word' id='word_1_282' title='bbox 267 2894 420 2945; x_wconf 77' lang='lat' dir='ltr'><strong>fuisse</strong></span> <span class='ocrx_word' id='word_1_283' title='bbox 455 2893 802 2961; x_wconf 88' lang='lat' dir='ltr'><strong>gratissimum</strong></span> <span class='ocrx_word' id='word_1_284' title='bbox 837 2893 1076 2944; x_wconf 89' lang='lat' dir='ltr'><strong>decennis</strong></span> <span class='ocrx_word' id='word_1_285' title='bbox 1111 2892 1305 2943; x_wconf 91' lang='lat' dir='ltr'><strong>indicio</strong></span> <span class='ocrx_word' id='word_1_286' title='bbox 1347 2903 1423 2941; x_wconf 85' lang='lat' dir='ltr'><strong>est</strong></span> <span class='ocrx_word' id='word_1_287' title='bbox 1466 2908 1625 2940; x_wconf 89' lang='lat' dir='ltr'><strong>mora.</strong></span> <span class='ocrx_word' id='word_1_288' title='bbox 1699 2888 1859 2948; x_wconf 87' lang='lat' dir='ltr'><strong>Quod</strong></span> <span class='ocrx_word' id='word_1_289' title='bbox 1887 2889 1928 2940; x_wconf 93' lang='lat' dir='ltr'><strong>si</strong></span> <span class='ocrx_word' id='word_1_290' title='bbox 1959 2887 2101 2958; x_wconf 91' lang='lat' dir='ltr'><strong>apud</strong></span> 
     </span>
     <span class='ocr_line' id='line_1_33' title="bbox 268 2975 2098 3048; baseline -0.002 -18"><span class='ocrx_word' id='word_1_291' title='bbox 268 2993 339 3044; x_wconf 91' lang='lat' dir='ltr'><strong>te,</strong></span> <span class='ocrx_word' id='word_1_292' title='bbox 367 2980 530 3031; x_wconf 90' lang='lat' dir='ltr'><strong>immo</strong></span> <span class='ocrx_word' id='word_1_293' title='bbox 564 2999 686 3031; x_wconf 88' lang='lat' dir='ltr'><strong>vero</strong></span> <span class='ocrx_word' id='word_1_294' title='bbox 722 2980 862 3048; x_wconf 93' lang='lat' dir='ltr'><strong>apud</strong></span> <span class='ocrx_word' id='word_1_295' title='bbox 898 2980 1120 3031; x_wconf 92' lang='lat' dir='ltr'><strong>alterum</strong></span> <span class='ocrx_word' id='word_1_296' title='bbox 1157 2999 1257 3044; x_wconf 91' lang='lat' dir='ltr'><strong>me,</strong></span> <span class='ocrx_word' id='word_1_297' title='bbox 1291 2979 1398 3030; x_wconf 91' lang='lat' dir='ltr'><strong>sine</strong></span> <span class='ocrx_word' id='word_1_298' title='bbox 1431 2978 1680 3029; x_wconf 90' lang='lat' dir='ltr'><strong>iactantia</strong></span> <span class='ocrx_word' id='word_1_299' title='bbox 1715 2976 1922 3046; x_wconf 89' lang='lat' dir='ltr'><strong>gloriari</strong></span> <span class='ocrx_word' id='word_1_300' title='bbox 1954 2975 2098 3040; x_wconf 89' lang='lat' dir='ltr'><strong>licet,</strong></span> 
     </span>
     <span class='ocr_line' id='line_1_34' title="bbox 195 3062 2098 3135; baseline -0.002 -19"><span class='ocrx_word' id='word_1_301' title='bbox 195 3082 244 3127; x_wconf 83' lang='lat'><strong>55</strong></span> <span class='ocrx_word' id='word_1_302' title='bbox 269 3084 394 3135; x_wconf 91' lang='lat' dir='ltr'><strong>pace</strong></span> <span class='ocrx_word' id='word_1_303' title='bbox 444 3065 706 3117; x_wconf 87' lang='lat' dir='ltr'><strong>montium</strong></span> <span class='ocrx_word' id='word_1_304' title='bbox 758 3084 815 3116; x_wconf 91' lang='lat' dir='ltr'><strong>ac</strong></span> <span class='ocrx_word' id='word_1_305' title='bbox 866 3066 1096 3116; x_wconf 86' lang='lat' dir='ltr'><strong>fontium</strong></span> <span class='ocrx_word' id='word_1_306' title='bbox 1146 3065 1469 3127; x_wconf 86' lang='lat' dir='ltr'><strong>silvarumve,</strong></span> <span class='ocrx_word' id='word_1_307' title='bbox 1514 3062 1711 3131; x_wconf 91' lang='lat' dir='ltr'><strong>aliquid</strong></span> <span class='ocrx_word' id='word_1_308' title='bbox 1755 3080 1919 3131; x_wconf 91' lang='lat' dir='ltr'><strong>usque</strong></span> <span class='ocrx_word' id='word_1_309' title='bbox 1958 3079 2098 3112; x_wconf 89' lang='lat' dir='ltr'><strong>nunc</strong></span> 
     </span>
     <span class='ocr_line' id='line_1_35' title="bbox 172 3146 2098 3215; baseline -0.003 -13"><span class='ocrx_word' id='word_1_310' title='bbox 172 3157 189 3189; x_wconf 37' lang='lat' dir='ltr'><strong>N·</strong></span> <span class='ocrx_word' id='word_1_311' title='bbox 265 3151 381 3202; x_wconf 91' lang='lat' dir='ltr'><strong>loco</strong></span> <span class='ocrx_word' id='word_1_312' title='bbox 427 3150 518 3215; x_wconf 90' lang='lat' dir='ltr'><strong>illi,</strong></span> <span class='ocrx_word' id='word_1_313' title='bbox 559 3170 665 3201; x_wconf 89' lang='lat' dir='ltr'><strong>non</strong></span> <span class='ocrx_word' id='word_1_314' title='bbox 713 3150 881 3201; x_wconf 91' lang='lat' dir='ltr'><strong>dicam</strong></span> <span class='ocrx_word' id='word_1_315' title='bbox 929 3150 1128 3215; x_wconf 89' lang='lat' dir='ltr'><strong>clarius,</strong></span> <span class='ocrx_word' id='word_1_316' title='bbox 1166 3150 1257 3201; x_wconf 87' lang='lat' dir='ltr'><strong>sed</strong></span> <span class='ocrx_word' id='word_1_317' title='bbox 1303 3162 1443 3200; x_wconf 89' lang='lat' dir='ltr'><strong>certe</strong></span> <span class='ocrx_word' id='word_1_318' title='bbox 1490 3149 1663 3199; x_wconf 91' lang='lat' dir='ltr'><strong>notius</strong></span> <span class='ocrx_word' id='word_1_319' title='bbox 1711 3146 1942 3198; x_wconf 86' lang='lat' dir='ltr'><strong>incolatu</strong></span> <span class='ocrx_word' id='word_1_320' title='bbox 1980 3164 2098 3198; x_wconf 90' lang='lat' dir='ltr'><strong>meo</strong></span> 
     </span>
     <span class='ocr_line' id='line_1_36' title="bbox 214 3231 2100 3306; baseline -0.004 -16"><span class='ocrx_word' id='word_1_321' title='bbox 214 3232 219 3238; x_wconf 46' lang='lat'><strong>¹</strong></span> <span class='ocrx_word' id='word_1_322' title='bbox 268 3236 503 3301; x_wconf 83' lang='lat' dir='ltr'><strong>accedit3</strong></span> <span class='ocrx_word' id='word_1_323' title='bbox 567 3236 767 3306; x_wconf 93' lang='lat' dir='ltr'><strong>opinari</strong></span> <span class='ocrx_word' id='word_1_324' title='bbox 811 3236 971 3288; x_wconf 91' lang='lat' dir='ltr'><strong>ausim</strong></span> <span class='ocrx_word' id='word_1_325' title='bbox 1015 3235 1155 3305; x_wconf 89' lang='lat' dir='ltr'><strong>apud</strong></span> <span class='ocrx_word' id='word_1_326' title='bbox 1197 3234 1388 3286; x_wconf 90' lang='lat' dir='ltr'><strong>multos</strong></span> <span class='ocrx_word' id='word_1_327' title='bbox 1433 3253 1537 3285; x_wconf 91' lang='lat' dir='ltr'><strong>non</strong></span> <span class='ocrx_word' id='word_1_328' title='bbox 1580 3234 1749 3285; x_wconf 91' lang='lat' dir='ltr'><strong>minus</strong></span> <span class='ocrx_word' id='word_1_329' title='bbox 1791 3231 1939 3284; x_wconf 89' lang='lat' dir='ltr'><strong>illum</strong></span> <span class='ocrx_word' id='word_1_330' title='bbox 1981 3250 2100 3284; x_wconf 91' lang='lat' dir='ltr'><strong>meo</strong></span> 
     </span>
    </p>
   </div>
  </div>
 </body>
</html>
