2242 3600
250 162 340 210 128
611 158 1004 211 IOHANNI
1065 159 1172 212 DE
1230 160 1709 215 CERTALDO

240 301 479 356 pereunt.
541 289 725 355 Pergat
752 307 872 356 ergo
898 288 1029 340 bene
1053 290 1350 342 iuvantibus
1377 290 1501 356 deis,
1522 305 1575 342 et
1596 291 1893 363 Homerum
1920 293 2068 346 nobis

241 373 507 443 perditum
550 374 806 425 restituat.
884 374 1073 433 Quoad
1105 375 1243 440 alios,
1277 377 1423 445 pium
1456 378 1784 446 propositum
1817 378 2067 432 divinitus

148 473 218 501 120
240 471 599 527 prosequetur.
676 457 814 508 Nam
853 458 997 527 quod
1033 458 1361 511 Platonicum
1399 460 1662 526 volumen,
1699 462 1842 531 quod
1881 481 1942 514 ex
1979 462 2070 514 illo

239 542 568 612 Transalpini
594 544 723 594 ruris
748 543 990 595 incendio
1017 559 1256 615 ereptum
1284 545 1427 597 domi
1452 546 1636 611 habe0,
1663 547 1816 599 simul
1841 549 2072 617 poscitis,

239 642 470 680 vestrum
506 628 635 679 mihi
670 628 1004 680 commendat
1039 630 1276 682 ardorem
1312 645 1365 683 et
1399 631 1454 682 id
1487 632 1658 701 ipsum
1693 646 1934 702 paratum
1969 634 2069 686 erit

242 728 494 783 tempore.
568 714 681 765 Nec
718 714 933 766 omnino
970 714 1168 785 aliquid
1206 718 1363 769 tantis
1401 718 1598 787 coeptis
1635 737 1727 788 per
1764 737 1849 770 me
1886 718 2069 771 deerit.

243 798 344 850 Sed
365 798 652 852 videndum
674 799 819 851 vobis
843 813 936 864 est,
961 819 1026 851 ne
1047 801 1138 852 hos
1163 801 1290 853 duos
1313 815 1486 854 tantos
1507 803 1765 872 principes
1788 802 2070 855 Graiorum
2087 809 2115 884 ἢ

150 904 218 944 125
242 905 348 937 uno
373 887 507 937 fasce
533 885 839 938 convolvere
865 886 1155 938 iniuriosius
1181 888 1264 952 sit,
1293 902 1346 939 et
1374 888 1613 940 mortales
1641 890 1881 941 humeros
1923 908 2069 959 prae·
2091 882 2113 965 ἱ

240 986 418 1042 gravet
477 972 773 1024 divinorum
830 964 1034 1042 pondus
1091 973 1436 1042 ingeniorum.
1529 975 1894 1044 Aggrediatur,
1953 976 2071 1027 Deo
2094 970 2130 1016 {x

243 1059 463 1128 auspice,
497 1078 524 1109 e
557 1057 758 1110 duobus
792 1058 1031 1124 alterum,
1064 1073 1118 1111 et
1148 1059 1297 1111 illum
1329 1061 1500 1129 primo
1531 1062 1622 1130 qui
1655 1061 1832 1114 multis
1863 1061 2071 1113 saeculis

242 1146 381 1214 prius
409 1145 626 1213 scripsit.
690 1143 832 1196 Vale.
896 1144 1205 1209 Mediolani,
1235 1164 1317 1197 xv.
1352 1146 1611 1199 Kalendas
1641 1146 1784 1218 Sept.
1813 1146 2009 1217 [136o].

616 1366 818 1428 Carolo
847 1369 964 1428 IV.
995 1370 1146 1448 Imp.
1177 1370 1329 1447 Aug.
1413 1369 1577 1429 Fam.
1610 1368 1770 1428 xxiii.
1804 1372 1858 1428 8.

335 1490 687 1544 VAVIORES
727 1492 896 1544 multo
932 1484 1090 1563 quam
1131 1513 1227 1563 pro
1267 1494 1538 1563 utriusque
1583 1507 1819 1545 nostrum
1863 1493 2122 1544 fortunar

329 1577 526 1629 litteras
555 1591 684 1643 tuaS,
708 1578 909 1644 Caesar,
938 1580 1136 1649 aliquot
1164 1580 1420 1632 mensibus
1448 1594 1726 1651 postquam
1754 1579 1904 1631 datae
1930 1593 2076 1631 erant

244 1663 309 1715 ad
326 1682 410 1714 me
428 1665 625 1716 noveris
646 1665 955 1734 pervenisse3
988 1665 1246 1735 simulque
1263 1679 1459 1717 cratera
1477 1666 1901 1738 pretiosissimum
1917 1684 2076 1735 quem

245 1751 374 1801 mihi
411 1752 424 1775 ‘
448 1770 573 1802 auro
607 1751 829 1803 solidum
865 1766 1027 1823 atque
1061 1773 1296 1824 asperum
1331 1755 1481 1823 signis
1499 1756 1533 1819 ’‚
1569 1768 1630 1806 ut
1664 1753 1878 1822 Vergilii
1911 1753 2078 1806 verbis

199 1839 221 1879 5
247 1850 380 1901 utar,
413 1856 518 1888 non
549 1855 692 1888 meae
723 1838 937 1906 quidem
966 1839 1055 1890 sed
1087 1853 1207 1891 tuae
1235 1841 1383 1892 sortis
1414 1859 1600 1892 munus
1642 1836 1889 1891 eximium
1921 1839 2078 1891 desti·
2127 1853 2130 1856 ’

246 1924 395 1976 nasti.
477 1923 526 1975 O
550 1925 561 1975 !
628 1943 733 1975 non
785 1925 1060 1977 hominum
1113 1927 1271 1978 modo
1315 1927 1404 1978 sed
1454 1945 1628 1979 rerum
1681 1926 1919 1978 omnium
1968 1943 2072 1977 sors

245 2009 503 2080 stupenda
527 2012 538 2061 Ξ
600 2010 879 2062 Vasculum
906 2012 1104 2081 insigne
1130 2013 1363 2078 materia,
1390 2013 1588 2081 insigne
1614 2012 1821 2064 artificis
1850 2013 2076 2081 ingenie,

245 2097 336 2149 sed
372 2115 525 2166 super
562 2098 738 2149 omnia
774 2117 861 2149 ore
906 2097 1154 2151 Caesareo
1203 2113 1576 2164 consecratum,
1622 2118 1648 2150 a
1694 2099 1795 2151 tuis
1840 2100 1893 2150 in
1938 2117 2078 2150 meos

248 2183 519 2236 translatus
543 2203 678 2247 usuS,
703 2185 939 2255 quamvis
957 2205 1051 2254 ego
1067 2186 1158 2238 illo
1181 2186 1395 2258 quidem
1413 2205 1519 2238 non
1542 2199 1650 2237 tam
1675 2199 1794 2238 utar
1813 2188 1914 2239 hoc
1934 2204 2079 2239 com·

179 2282 225 2308 10
248 2270 397 2320 muni
424 2288 538 2333 usu,
562 2288 719 2340 quam
745 2270 937 2335 libabo,
962 2271 1204 2336 dicerem,
1228 2272 1292 2324 ad
1315 2291 1438 2337 aras,
1468 2273 1506 2323 si
1531 2271 1676 2323 nobis
1704 2272 1795 2342 qui
1817 2273 2080 2325 veterbius

247 2374 356 2407 mos
381 2368 541 2420 esset3
582 2375 722 2408 nunc
747 2376 870 2409 vero
892 2358 1077 2408 mensis
1102 2358 1408 2410 lautioribus
1437 2377 1609 2410 rarum
1632 2357 1696 2410 ad
1721 2358 2078 2427 spectaculum
2119 2370 2121 2372 ’

249 2442 486 2494 adhibito
508 2442 613 2494 dies
634 2444 789 2495 festos
811 2444 1088 2509 exornabo,
1110 2445 1315 2496 habebo
1331 2445 1478 2497 illum
1499 2445 1553 2495 in
1575 2444 1784 2508 deliciis,
1807 2443 2079 2497 ostendam

249 2528 556 2580 mirantibus
595 2529 769 2581 amicis
807 2543 859 2580 et
897 2530 1281 2598 gaudentibus3
1331 2549 1425 2581 nec
1463 2531 1632 2588 minus
1671 2548 1834 2599 aeque
1871 2548 2080 2596 auream

218 2642 220 2644 *
249 2614 520 2684 epistolam
574 2629 738 2682 tuam,
780 2634 938 2684 quam
984 2616 1048 2668 ad
1102 2631 1223 2668 tuae
1272 2616 1610 2668 humanitatis
1665 2628 1916 2686 meaeque
1956 2616 2080 2668 licet

183 2710 227 2752 ι5
248 2701 540 2752 immeritae
574 2701 765 2769 gloriae
801 2716 996 2758 certam
1033 2702 1209 2767 fidem,
1239 2702 1365 2754 dum
1393 2703 1500 2754 vita
1536 2697 1896 2767 comitabitur,
1923 2721 2078 2757 asser-

248 2786 398 2851 vab0,
417 2788 765 2856 quotiensque
786 2807 943 2857 quam
966 2803 1024 2841 tu
1047 2789 1211 2840 bonus
1233 2808 1328 2857 ego
1348 2788 1470 2840 felix
1490 2789 1585 2839 sim
1607 2788 1827 2858 probare
1846 2788 2081 2852 voluero,

250 2871 315 2923 ad
368 2872 621 2924 iudicium
674 2873 759 2925 illa
813 2874 1121 2939 vocabitur3
1197 2874 1422 2944 denique
1473 2875 1683 2942 gemino
1734 2892 1937 2945 semper
1990 2874 2083 2926 tali

249 2977 465 3010 munere
495 2958 769 3027 gloriabor,
803 2980 899 3029 pro
931 2980 1037 3030 quo
1068 2975 1235 3029 grates
1268 2980 1417 3030 agere
1449 2974 1724 3026 tentarem,
1757 2962 1798 3012 si
1831 2974 1920 3013 aut
1954 2961 2084 3013 mihi

249 3058 326 3098 sat
352 3045 541 3096 virium
569 3044 633 3095 ad
660 3039 1073 3115 expromendum
1101 3060 1210 3098 tam
1236 3047 1568 3099 vehementes
1595 3048 1754 3101 animi
1779 3061 2082 3117 conceptuS,

181 3146 229 3173 20
251 3143 341 3181 aut
369 3129 467 3181 tibi
493 3129 558 3181 ad
585 3143 798 3182 tuorum
825 3132 1039 3189 affectus
1065 3132 1381 3184 intuendum
1406 3132 1574 3184 verbis
1599 3152 1727 3202 opus
1753 3147 1899 3186 esset.

319 3216 462 3279 Quid
499 3236 621 3271 vero
658 3235 796 3271 nunc
836 3217 900 3270 ad
936 3218 1132 3271 litteras
1171 3219 1299 3290 ipsas
1339 3218 1506 3271 dicam
1536 3223 1551 3272 ἲ
1625 3219 1713 3271 Tu
1751 3220 1842 3290 qui
1879 3220 2083 3290 regibus
