2242 3600
808 128 1171 221 VRBANo
1223 168 1274 220 V
1866 167 1957 237 165

115 315 247 362 muS,
285 310 446 367 atque
481 297 590 367 ipse
626 316 732 348 non
767 314 981 348 suorum
1019 294 1179 347 modo
1213 294 1303 346 sed
1340 294 1647 347 Italicorum
1683 312 1962 363 procerum

115 397 277 454 atque
318 384 561 453 equitum
604 382 761 435 turba
799 381 1004 451 ingenti
1044 382 1440 451 circumseptus,
1481 399 1636 450 supra
1677 379 1963 450 quemdam

113 469 366 523 herbosae
397 469 594 522 telluris
626 468 895 521 tumulum
926 469 1262 532 constitisset,
1294 481 1356 519 ut
1387 481 1464 519 est
1482 468 1706 536 'ingenio
1736 465 1878 535 agilis
1909 480 1964 518 et

114 555 326 626 eloquio
356 555 518 608 facilis
551 574 608 607 ac
639 554 916 619 iucundUS‚
949 548 1107 624 Alpes
1140 553 1206 605 ad
1238 553 1507 606 dexteram
1539 553 1738 605 nivosas
1770 564 1966 604 aestate

115 643 289 696 media
333 656 387 695 et
426 641 820 713 profundissimi
863 641 1003 693 lacus
1048 654 1251 694 aestum
1297 659 1558 711 aequoreo
1601 657 1799 710 parem,
1842 652 1965 691 ante

115 744 365 800 retroque
409 729 562 781 colles
608 730 835 798 exigUOS,
882 726 949 779 ad
990 727 1190 779 laevam
1236 747 1360 779 vero
1404 727 1621 779 uberem
1665 725 1966 795 laetamque

114 816 408 887 planitiem,
447 815 538 867 diu
575 813 736 866 oculis
774 815 1105 879 metientem,
1136 813 1204 865 ad
1238 828 1567 884 postremum
1603 832 1689 865 me
1724 813 1963 865 nomina-

116 904 215 955 tim
242 922 476 955 evocasse
503 922 561 954 ac
588 902 773 954 dixisse
802 902 1005 953 cunctis
1036 900 1404 955 audientibus:
1439 902 1454 924 ‘
1472 900 1644 972 plane,
1666 901 1853 965 fateor,
1875 917 1965 952 vos

114 990 471 1061 pulchriorem
504 989 783 1059 multoque
815 988 1086 1040 meliorem
1119 1006 1279 1058 quam
1320 1007 1412 1040 nos
1451 988 1678 1058 patriam
1716 986 1910 1039 habere
1931 987 1962 1037 ’.

115 1078 372 1147 Dumque
410 1096 495 1128 me
533 1076 853 1128 confessione
892 1089 1002 1127 tam
1040 1074 1175 1127 clara
1211 1074 1411 1128 laetum
1450 1087 1704 1139 cerneret,
1745 1092 1967 1143 eamque

115 1183 222 1216 non
244 1178 381 1216 nutu
400 1162 570 1215 solum
589 1162 680 1214 sed
698 1161 866 1214 verbis
889 1175 942 1214 et
962 1161 1224 1231 plausibus
1246 1161 1649 1231 approbantem,
1671 1159 1928 1213 addidisse
1951 1179 1963 1212 :

115 1252 129 1276 ‘
153 1250 226 1303 At
276 1270 367 1302 nos
419 1248 836 1320 tranquilliorem
885 1247 1032 1301 vobis
1079 1262 1279 1300 statum
1328 1248 1580 1300 habemus
1630 1247 1966 1317 regimurque

114 1338 380 1409 quietius.'
458 1338 713 1406 Dumque
750 1336 850 1388 hoc
891 1335 1036 1388 dicto
1075 1335 1220 1405 quasi
1259 1335 1430 1388 victor
1468 1334 1787 1400 abscederet,
1827 1334 1967 1387 vinci

115 1424 294 1477 nolens
322 1444 380 1476 ac
405 1424 556 1476 illum
583 1443 711 1476 voce
738 1422 961 1488 detinui,
988 1423 1154 1473 immo
1181 1441 1287 1474 non
1314 1441 1428 1490 ego,
1455 1421 1546 1474 sed
1571 1422 1775 1474 veritas.
1840 1419 1967 1472 Dixi

115 1512 288 1565 enim:
333 1512 602 1563 ‘vestrum
644 1529 735 1562 nos
778 1510 1075 1574 confestim,
1110 1523 1171 1561 ut
1213 1508 1345 1560 velle
1390 1509 1734 1578 coeperimus,
1765 1521 1966 1560 statum

115 1598 307 1650 habere
330 1597 444 1668 quis
468 1597 716 1667 prohibet
746 1601 763 1649 ἒ
825 1597 965 1648 Nam
988 1616 1077 1649 vos
1103 1595 1262 1650 talem
1288 1588 1480 1647 terram
1503 1595 1696 1648 habere
1718 1594 1968 1666 prohibet

116 1699 303 1738 natura
324 1685 357 1737 ’.
428 1683 624 1736 Tacuit
659 1683 747 1736 ille
779 1682 1071 1749 subridenS,
1108 1697 1169 1735 ut
1206 1683 1297 1753 qui
1335 1702 1419 1735 me
1454 1702 1573 1735 vera
1607 1682 1849 1735 locutum
1885 1682 1966 1733 in-

117 1771 393 1841 telligeret,
423 1790 518 1823 nec
558 1770 688 1822 mihi
720 1769 931 1822 credere
963 1789 1058 1822 nec
1094 1769 1266 1822 obniti
1298 1789 1422 1822 vero
1460 1769 1619 1822 vellet
1660 1810 1672 1822 .
1716 1810 1728 1822 .
1771 1809 1785 1822 .
1862 1767 1969 1838 [He

113 1858 297 1929 refutes
325 1859 453 1910 those
478 1858 582 1910 who
608 1857 793 1909 believe
821 1857 931 1909 that
959 1857 1037 1909 the
1062 1857 1194 1927 Pope
1218 1857 1378 1909 would
1401 1869 1484 1909 not
1509 1857 1564 1908 he
1587 1856 1694 1929 safe
1719 1857 1774 1909 in
1799 1856 1966 1920 Rome,

60 1983 61 1986 η
115 1945 218 1997 and
243 1959 469 2016 reproves
499 1945 628 1997 those
656 1945 761 1996 who
790 1963 876 1996 are
904 1944 1064 1996 bound
1093 1957 1138 1996 to
1165 1944 1400 2013 Avignon
1429 1944 1491 2013 by
1524 1945 1615 1996 ties
1643 1943 1701 2012 of
1722 1943 1802 1995 the
1813 1942 1966 2011 flesh.

116 2032 198 2083 He
230 2032 448 2084 reminds
483 2031 562 2083 the
595 2031 727 2101 Pope
761 2031 818 2101 of
846 2031 924 2082 the
959 2030 1113 2082 insult
1146 2030 1205 2082 he
1239 2030 1329 2082 has
1360 2030 1575 2098 suffered
1607 2043 1663 2082 at
1699 2030 1778 2082 the
1812 2029 1972 2082 hands

116 2118 174 2188 of
196 2119 275 2171 the
304 2136 586 2188 mercenary
617 2119 910 2188 campanies,
940 2118 1100 2169 which
1131 2117 1190 2169 he
1219 2117 1425 2186 himself
1444 2117 1534 2169 has
1562 2117 1810 2169 admitted
1839 2129 1885 2169 to
1914 2116 1970 2168 be

118 2206 198 2259 the
222 2206 376 2258 result
399 2206 458 2274 of
476 2206 556 2258 the
580 2206 823 2257 desertion
849 2205 906 2273 of
921 2204 1112 2256 Peter's
1135 2203 1282 2274 seat.]

185 2293 298 2363 Age
328 2313 451 2363 ergo
482 2307 543 2345 ut
574 2307 803 2358 coactus,
836 2311 944 2362 quo
974 2291 1315 2344 excusabilior
1344 2293 1407 2344 sis
1438 2305 1623 2344 contra
1654 2290 1967 2357 nitentibus,

115 2400 236 2434 vere
275 2394 454 2432 autem
494 2379 671 2433 volens
709 2379 984 2449 laetusque
1017 2377 1194 2431 sedem
1231 2391 1378 2430 tuam
1414 2393 1612 2449 repete,
1647 2397 1808 2449 quam
1842 2396 1966 2430 cum

114 2467 275 2520 semel
324 2467 557 2536 attigeris
608 2481 662 2519 et
711 2466 860 2519 fortis
912 2479 1140 2518 armatus
1190 2466 1385 2518 atrium
1436 2479 1591 2518 tuum
1641 2465 1967 2532 custodieris,

115 2555 293 2609 omnia
320 2568 476 2607 erunt
504 2554 560 2606 in
581 2574 732 2645 1ἕω,
761 2573 896 2624 quae
924 2572 1064 2605 nunc
1092 2552 1213 2604 ideo
1238 2566 1363 2605 sunt
1390 2552 1447 2604 in
1475 2551 1630 2618 bello,
1659 2553 1783 2623 quia
1812 2536 1967 2605 tuum

116 2640 405 2711 principale
435 2641 629 2693 atrium
662 2660 769 2693 non
799 2639 1045 2693 custodis.
1113 2640 1183 2692 Et
1213 2638 1344 2710 quid
1374 2638 1543 2691 multa
1572 2642 1589 2691 ἕ
1657 2638 1969 2709 Perproprie

117 2727 216 2779 tibi
242 2727 539 2792 conveniet,
565 2727 711 2798 quod
736 2726 802 2779 de
827 2741 922 2780 tuo
947 2740 1109 2797 atque
1132 2726 1372 2779 omnium
1398 2725 1616 2778 domino
1641 2725 1846 2777 dictum
1872 2739 1967 2791 est,

101 2833 220 2885 pax
264 2814 407 2866 enim
455 2813 555 2866 erit
601 2813 658 2866 in
706 2827 843 2866 terra
890 2812 1020 2865 dum
1067 2812 1284 2879 veneris,
1333 2811 1462 2865 dum
1508 2812 1736 2883 loqueris
1772 2830 1967 2886 pacem

116 2900 380 2970 gentibuS,
406 2914 460 2952 et
484 2914 712 2970 potestas
739 2915 831 2952 tua
854 2919 882 2952 a
906 2899 1036 2951 mari
1060 2918 1224 2969 usque
1247 2898 1313 2951 ad
1337 2918 1495 2952 mare.
1556 2899 1671 2951 Nec
1697 2912 1750 2951 te
1775 2912 1969 2950 terreat

118 2986 265 3057 quod
291 2987 458 3039 Roma
483 3005 697 3057 quoque
722 3006 814 3057 per
841 2986 941 3038 hoc
969 3000 1175 3056 tempus
1207 3006 1318 3039 suas
1347 2985 1675 3056 praedonum
1709 2984 1967 3036 molestias

121 3088 198 3126 est
231 3093 410 3144 passa3
466 3073 629 3127 rabies
664 3093 855 3143 nempe
890 3073 1173 3138 barbarica,
1209 3092 1343 3143 quae
1377 3093 1517 3125 nunc
1550 3091 1746 3125 sacram
1781 3071 1967 3123 urbem

126 3174 301 3213 tentat
347 3160 666 3231 acephalam,
707 3179 847 3225 mox,
895 3174 956 3212 ut
1001 3178 1155 3211 suum
1201 3174 1361 3230 caput
1406 3159 1493 3211 illa
1539 3159 1812 3228 receperit,
1861 3177 1968 3210 non

123 3246 293 3298 dicam
338 3246 580 3313 Romam,
619 3246 709 3299 sed
754 3245 935 3299 Italiae
978 3246 1200 3299 claustra
1242 3247 1537 3316 prospicere
1581 3266 1687 3297 non
1731 3244 1966 3298 audebit.

1984 569 2060 622 Δ165

1991 1016 2062 1056 170

1991 1446 2062 1487 ι75

1991 1875 2063 1914 180

1991 2305 2061 2355 185

1993 2747 2064 2786 190

1993 3179 2061 3220 195
