2242 3600
247 169 342 238 146
853 167 1488 222 BENINTENDIO

237 297 397 349 fuerit
422 297 531 365 ipse
556 296 648 365 qui
675 314 787 347 eam
814 295 967 365 plane
993 314 1139 347 noras
1166 296 1375 348 extima.
1438 296 1598 348 Certe
1629 316 1724 365 ego
1757 297 1899 350 illam
1931 318 2072 352 nunc

239 381 304 432 de
326 382 468 433 caelo
488 381 714 449 gaudere
734 401 887 451 super
907 383 984 433 his
1007 401 1140 452 quae
1160 383 1299 434 inter
1321 401 1410 433 nos
1435 369 1677 450 aguntur,
1697 396 1750 434 et
1773 384 1846 434 rei
1873 385 2074 441 exitum

234 483 535 538 exspectare
554 468 713 538 (quid
737 468 926 538 loquor
949 469 1010 536 ?),
1032 470 1196 520 immo
1222 487 1344 521 vero
1370 468 1473 519 iam
1494 482 1818 538 praesentem
1832 483 2073 552 spectare

238 572 345 605 non
364 572 479 605 sum
504 554 690 605 dubius
714 573 822 605 non
844 567 952 605 tam
975 573 1141 624 aequo
1162 553 1252 605 secl
1272 553 1411 605 laeto
1433 554 1608 604 animo
1629 555 1904 620 ferentem,
1926 555 2074 625 quod

168 657 216 685 20
238 656 359 690 cum
396 639 494 690 sibi
532 657 708 691 omnes
748 639 957 692 virtutis
997 654 1050 691 et
1087 640 1280 708 gloriae
1319 638 1498 691 titulos
1537 640 1593 691 in
1630 639 1832 692 caelum
1870 642 2073 694 auferre

237 725 535 793 contigerit,
559 739 819 794 quantum
842 726 1014 777 nescio
1035 745 1100 777 an
1122 724 1215 776 ulli
1236 743 1470 822 unquam
1490 725 1817 778 Venetorum
1838 725 2072 792 Ducum,

233 810 587 877 bibliothecae
625 810 778 863 decus
817 810 1057 880 publicae
1093 812 1366 863 successori
1402 830 1497 863 suo
1533 825 1740 881 quart0,
1779 825 1833 864 et
1869 812 1982 865 viro
2019 826 2074 866 et

239 885 360 948 duci
387 897 592 966 optimo
618 911 779 967 atque
803 898 1084 949 fortissimo
1109 898 1507 966 communisque
1531 910 1694 949 status
1721 898 2074 951 amantissimo

239 996 556 1035 reservatum
592 984 694 1047 sit3
755 984 1007 1053 quamvis,
1046 997 1107 1035 ut
1146 984 1275 1034 mihi
1313 997 1547 1053 apparet,
1586 983 1932 1036 admiratione
1968 1003 2076 1038 non

77 1095 90 1111 ι
168 1089 215 1130 25
238 1082 408 1120 careat
430 1068 575 1139 quod
596 1088 671 1121 res
695 1069 807 1121 talis
826 1069 976 1121 altius
999 1088 1157 1139 quam
1177 1069 1311 1122 illius
1334 1084 1571 1139 tempore
1593 1089 1699 1122 non
1719 1070 1980 1123 inciderit.
1997 1114 2009 1125 .
2026 1114 2039 1126 .
2058 1113 2072 1125 .

237 1155 316 1225 [H
316 1176 343 1209 e
358 1157 470 1209 does
482 1169 566 1208 not
581 1157 702 1210 wish
721 1157 1030 1210 Benintendo
1045 1170 1089 1209 to
1104 1157 1218 1209 take
1236 1170 1307 1209 too
1324 1157 1464 1210 much
1485 1158 1668 1210 trouble
1683 1159 1738 1210 in
1754 1158 1834 1211 the
1851 1156 2075 1228 mattera]

238 1241 365 1293 Vale
389 1243 560 1294 virum
586 1244 803 1312 optime.
864 1242 1080 1307 Patavii,
1108 1262 1154 1295 v.
1186 1242 1445 1295 Kalendas
1473 1241 1792 1312 Septembris
1816 1241 2011 1313 [1362]

721 1406 798 1465 M
801 1407 923 1466 odio
953 1407 1270 1467 Parmensi.
1358 1407 1414 1466 V
1414 1429 1501 1467 ar.
1532 1426 1588 1487 4.

238 1529 543 1673 ΑΜΙΟΕ,
575 1529 763 1599 quibus
795 1529 972 1595 oculiS,
1004 1548 1111 1599 quo
1142 1530 1316 1581 animo
1352 1530 1550 1582 litteras
1584 1544 1695 1582 tuas
1728 1530 2077 1601 dominaeque

366 1629 570 1667 nostrae
601 1635 657 1667 ac
688 1616 938 1668 iuvenum
966 1615 1301 1668 dominorum
1332 1615 1563 1685 legerim,
1591 1630 1652 1667 ut
1678 1615 1871 1681 sileam,
1900 1617 2036 1668 nosti
2058 1637 2073 1681 ;

239 1702 473 1772 quamvis
509 1702 918 1754 infelicissimum
953 1721 1218 1754 rumorem
1255 1702 1345 1754 diu
1381 1699 1675 1761 anteifama
1710 1711 2075 1761 narranteico-

240 1806 556 1858 gnoscerem,
578 1807 685 1857 quo
712 1788 894 1840 audito
920 1789 1059 1840 inter
1082 1788 1335 1857 singultus
1364 1802 1418 1840 et
1443 1788 1675 1840 lacrimas
1701 1789 1878 1857 scripsi
1904 1789 2077 1840 nescio

193 1890 215 1930 5
241 1875 370 1944 quid
404 1875 804 1943 longiusculum,
832 1875 989 1959 quod
1022 1894 1129 1926 non
1164 1875 1278 1926 misi
1313 1875 1506 1927 veritus
1543 1893 1723 1926 eorum
1760 1873 1948 1939 taedia,
1985 1874 2077 1944 qui

241 1979 362 2012 cum
401 1961 474 2012 nil
512 1960 807 2030 degustent,
846 1962 1021 2014 omnia
1059 1961 1398 2025 mortificant,
1437 1974 1490 2012 et
1528 1979 1661 2030 quae
1698 1979 1805 2012 non
1841 1961 2075 2029 capiunt,

242 2048 465 2116 cupiunt
489 2066 545 2098 ac
568 2048 816 2116 rapiunt3
861 2047 1132 2098 bellatores
1156 2047 1412 2116 Ligurum
1433 2046 1636 2115 loquor,
1661 2047 1752 2116 qui
1773 2046 2078 2115 importuna

242 2133 490 2202 cupidine
523 2133 819 2185 litterarum
854 2153 1004 2203 saepe
1040 2133 1186 2197 mihi,
1223 2133 1406 2184 crebro
1439 2131 1625 2183 itidem
1661 2131 1784 2196 aliis,
1801 2131 2112 2208 calamum&

243 2234 592 2290 excusserunt.
657 2219 805 2288 Piget
833 2221 990 2284 enim,
1020 2239 1113 2271 nec
1140 2219 1424 2283 immerito,
1451 2218 1538 2269 illa
1563 2217 1784 2269 scribere
1810 2236 1945 2287 quae
1970 2237 2078 2288 quo

177 2325 223 2352 10
244 2305 399 2357 velim
446 2324 552 2356 non
597 2307 920 2375 perveniant,
967 2320 1021 2357 et
1067 2325 1128 2357 eo
1173 2305 1480 2375 perveniant
1524 2322 1631 2373 quo
1676 2303 1855 2355 nolim.
1938 2303 2080 2355 Illud
2123 2367 2125 2369 Ι

245 2391 490 2460 equidem
519 2411 658 2443 nunc
686 2411 850 2462 usque
876 2410 1083 2444 mecum
1109 2392 1346 2443 substitit
1373 2391 1506 2442 hanc
1534 2390 1601 2442 ob
1629 2408 1832 2442 causam
1855 2411 1869 2454 ;
1918 2404 2079 2460 atque

246 2478 344 2528 hoc
386 2478 574 2546 ipsum,
618 2478 762 2547 quod
804 2497 943 2529 nunc
983 2477 1170 2542 scribo,
1212 2476 1426 2546 quando
1464 2477 1561 2534 sim
1603 2477 1844 2527 missurus
1886 2477 2075 2528 nescio.

246 2563 572 2633 Exspectabo
598 2564 848 2615 idoneum
874 2564 1127 2628 latorem3
1170 2563 1307 2615 malo
1329 2563 1601 2614 differatur
1621 2581 1779 2632 quam
1806 2562 2074 2632 perdatur.

245 2650 338 2701 Nil
377 2650 595 2718 amplius
637 2650 701 2701 de
739 2650 834 2701 hac
867 2670 938 2714 re,
967 2668 1087 2701 nam
1126 2651 1181 2701 in
1220 2649 1327 2701 aliis
1359 2663 1413 2700 et
1444 2649 1569 2700 olim
1601 2648 1666 2701 ad
1703 2638 1990 2713 te'litteris,
2023 2661 2078 2700 et

177 2757 222 2797 15
247 2754 386 2786 nunc
418 2735 483 2786 ad
509 2754 844 2787 communem
871 2735 1138 2787 dominam
1173 2749 1331 2805 atque
1358 2734 1704 2786 adolescentes
1732 2748 1931 2785 nostros
1957 2734 2077 2786 satis

246 2821 430 2886 multa,
461 2836 514 2873 et
542 2823 759 2873 forsitan
787 2823 938 2874 nimis
967 2822 1134 2874 multa
1160 2823 1352 2891 scripsi.
1416 2820 1667 2872 Delector
1695 2821 1834 2871 enim
1863 2820 2079 2872 materia

242 2907 593 2971 lacrimarum,
615 2909 685 2959 sic
709 2909 922 2960 affectus
946 2922 1006 2960 ut
1030 2907 1166 2960 malo
1189 2927 1306 2959 meo
1327 2926 1490 2977 paene
1513 2906 1756 2971 mulcear,
1780 2923 2077 2976 nunquam-

245 3012 350 3063 que
385 2994 514 3045 mihi
549 2995 615 3045 sit
652 2994 831 3046 melius
868 3013 1027 3064 quam
1064 2995 1190 3046 dum
1227 2993 1343 3059 fleo,
1381 3007 1810 3062 aestuantemque
1845 2992 2079 3044 animum

246 3079 518 3131 oculorum
555 3079 817 3148 largifluus
856 3081 1025 3132 imber
1061 3080 1207 3132 lenit.
1285 3079 1386 3131 Sed
1425 3098 1490 3131 ne
1527 3097 1697 3130 rursus
1735 3078 1835 3129 hoc
1872 3078 2078 3147 impetu

178 3171 413 3239 :orapiar
465 3170 602 3222 ultra
654 3188 811 3239 quam
866 3171 1135 3236 destinavi,
1190 3171 1382 3222 omissis
1435 3171 1559 3234 aliis,
1612 3168 1739 3222 vale.
1827 3168 2079 3235 Venetiis,

244 3275 328 3309 xv.
361 3256 619 3310 Kalendas
647 3256 953 3309 Decembris
979 3256 1175 3328 [1362].
1688 3255 2004 3338 FganciscuS.

2239 433 2242 446 -
2238 412 2242 423 -
2239 372 2242 391 .-
2221 202 2242 363 —.-—.c—2At
2227 131 2230 138 ⁷
