2242 3600
201 207 267 261 24
372 190 775 244 IOHANNI
834 190 1332 243 COLVMNAE
1388 189 1885 243 CARDINALI

198 318 333 373 mori
369 339 421 372 se
460 339 566 372 non
601 338 803 389 sperare
843 331 1070 384 tantum,
1102 318 1191 371 sed
1228 332 1427 389 optare.
1494 318 1822 371 Ascendisset
1857 330 2035 370 autem

195 406 278 458 vel
305 406 518 471 invitUS,
549 425 656 477 quo
685 423 806 458 eum
837 418 891 457 et
919 406 1177 475 sanguinis
1209 405 1408 457 claritas
1439 418 1493 457 et
1521 404 1706 457 merita
1738 404 2037 470 trahebant,

127 503 175 546 55
200 491 294 544 nisi
329 492 472 557 olim,
501 511 633 562 quae
668 504 868 543 mentes
905 491 1177 544 curialium
1211 491 1457 561 possidet,
1486 490 1772 543 obstitisset
1806 489 2035 554 invidia;

198 591 253 629 et
283 597 423 630 nunc
453 592 733 648 postquam
765 596 823 628 ea
852 576 956 628 iam
986 577 1178 646 gloriae
1215 597 1272 629 ac
1311 577 1499 629 virtuti
1530 590 1764 641 cesserat,
1795 575 2036 628 virentis-

197 663 355 716 simae
384 664 672 715 iuventutis
704 681 912 715 cursum
942 662 1118 715 medio
1148 663 1275 715 calle
1304 681 1440 715 mors
1473 662 1626 715 obvia
1655 662 2034 732 praevertisset.
2053 707 2064 719 ,

267 748 370 800 Sed
424 748 489 800 ad
543 748 781 800 ordinem
836 761 1084 800 revertor.
1176 749 1217 800 F
1222 762 1363 800 actus
1418 749 1721 818 EpiscopuS,
1776 746 2036 799 commissi

199 836 427 887 muneris
457 835 831 887 exactissimam
859 853 1036 886 curam
1064 834 1275 900 habenS,
1306 848 1360 886 te
1387 853 1545 904 quam
1573 834 1804 903 primum
1832 833 2036 898 relicte,

127 935 176 975 6ο
200 921 264 974 ad
301 921 474 973 sedem
514 921 778 991 propriam
818 921 1140 986 maturavit3
1199 939 1294 973 nec
1333 939 1454 972 eum
1494 934 1642 972 tanta
1680 938 1854 972 rerum
1891 918 2034 971 loco-

198 1026 421 1078 rumque
462 1007 689 1059 mutatio
731 1007 1002 1059 exterruit.
1081 1007 1229 1058 Inter
1269 1006 1525 1058 Romanas
1566 1025 1688 1077 opes
1730 1025 1787 1058 ac
1829 1005 2034 1058 delicias

197 1094 475 1159 enutritus,
505 1092 569 1145 ad
595 1093 879 1162 Pyrenaeos
910 1093 1065 1145 saltus
1096 1093 1412 1145 serenissima
1441 1096 1617 1146 fronte
1646 1107 1699 1145 et
1727 1092 2035 1163 aequissimo

197 1181 370 1233 animo
398 1180 653 1245 transivit,
681 1180 756 1231 ita
789 1193 850 1231 ut
889 1179 1119 1232 adventu
1155 1179 1260 1231 eius
1299 1198 1405 1231 non
1441 1193 1550 1231 tam
1581 1199 1670 1232 sua
1701 1197 1860 1250 quam
1890 1178 2035 1231 loco-

196 1286 312 1320 rum
351 1267 502 1319 facies
538 1279 759 1331 mutata,
791 1285 886 1318 nec
922 1279 1031 1317 tam
1068 1267 1177 1335 ipse
1213 1265 1268 1317 in
1295 1265 1564 1331 Vasconia,
1597 1284 1755 1335 quam
1782 1265 2036 1318 Vasconia

123 1362 174 1416 65
196 1353 361 1406 omnis
402 1354 458 1405 in
499 1353 706 1405 Italiam
748 1353 983 1405 transisse
1023 1352 1305 1404 videretur.
1383 1352 1543 1412 Quod
1582 1353 1684 1405 iter
1724 1372 1819 1422 ego
1859 1371 2034 1405 secum

196 1440 293 1509 egi,
326 1453 379 1491 et
410 1458 494 1490 me
524 1439 729 1491 felicem
760 1438 1054 1491 recordatio
1083 1439 1189 1491 sola
1218 1439 1361 1504 facit,
1395 1438 1523 1491 dum
1553 1438 1770 1491 memini
1801 1452 1855 1490 et
1885 1457 2032 1491 man-

196 1524 527 1579 suetudinem
562 1526 619 1578 in
654 1545 712 1577 ea
746 1528 961 1578 fortuna
994 1539 1049 1579 et
1084 1525 1440 1578 humilitatem
1475 1525 1531 1577 in
1564 1525 1661 1578 illis
1699 1538 1782 1578 tot
1818 1539 2036 1578 naturae

197 1613 405 1665 dotibus
458 1627 510 1664 et
561 1613 891 1665 honestatem
940 1613 996 1664 in
1045 1632 1102 1665 ea
1152 1612 1322 1682 specie
1371 1612 1600 1682 corporis
1651 1610 2028 1665 admirandam.

196 1700 441 1770 Denique
481 1699 609 1751 dum
648 1700 705 1751 in
745 1700 978 1752 animum
1019 1698 1156 1751 redit
1196 1699 1282 1751 illa
1321 1698 1752 1751 caerimoniarum
1792 1699 2031 1751 omnium

125 1805 171 1847 70
194 1787 323 1855 iugis
373 1787 640 1855 integritas
687 1800 847 1856 atque
890 1786 977 1838 illa
1020 1785 1235 1839 iuvenis*
1263 1785 1524 1856 pontificis
1575 1784 1804 1855 optanda
1855 1785 2032 1855 potius

192 1873 397 1925 senibus
442 1891 601 1943 quam
636 1861 898 1943 >speranda
941 1873 1179 1941 gravitas,
1277 1871 1455 1924 Sicubi
1505 1885 1765 1924 errantem
1812 1871 2031 1925 audieris

192 1960 535 2029 interrumpe.
604 1959 750 2011 Toto
779 1958 994 2029 quidem
1022 1959 1112 2011 illo
1142 1972 1381 2029 tempore
1407 1977 1712 2028 germanum
1743 1959 2031 2011 amantissi-

193 2065 341 2098 mum
374 2065 481 2098 non
512 2045 705 2111 vidisti,
739 2059 792 2098 at
823 2045 947 2097 inde
980 2045 1179 2098 rediens
1212 2045 1448 2098 substitit
1480 2047 1694 2098 fortasse
1724 2064 1905 2098 usurus
1939 2045 2030 2097 ali-

194 2132 406 2203 quando
431 2133 602 2185 fratris
629 2133 955 2203 optatissimo
987 2133 1233 2185 convictu
1256 2153 1270 2197 3
1315 2151 1536 2202 sperasse
1561 2131 1776 2202 quidem
1800 2131 1857 2183 id
1880 2131 2029 2184 illum

124 2232 171 2276 75
195 2238 326 2271 reor.
398 2219 537 2270 Nam
573 2232 775 2289 optasse
811 2232 980 2272 certus
1019 2237 1151 2284 sum,
1187 2218 1277 2271 sed
1312 2238 1370 2271 ea.
1405 2237 1540 2290 quae
1573 2232 1718 2273 actus
1752 2218 2029 2273 hominum

195 2304 473 2377 dispensat,
510 2304 722 2357 domina
754 2304 1027 2375 prohibuit
1060 2306 1290 2358 fortuna.
1362 2303 1631 2376 Siquidem
1666 2318 1720 2356 et
1754 2303 1939 2362 domus
1973 2318 2029 2358 et

194 2392 393 2463 patriae
437 2390 698 2443 laboribus
746 2409 803 2442 ac
849 2390 1061 2443 vocibus
1109 2391 1379 2456 excitatus,
1428 2391 1650 2445 Romam
1696 2404 1904 2447 coactus
1951 2405 2029 2444 est

193 2492 408 2549 petere3
469 2496 576 2548 quo
615 2491 669 2529 et
711 2496 822 2546 eg0,
864 2478 956 2547 qui
998 2491 1126 2530 tunc
1165 2478 1318 2548 longe
1358 2476 1582 2542 aberam,
1623 2477 1794 2548 ipsum
1835 2490 1897 2530 ut
1935 2478 2029 2531 scis

194 2564 418 2617 dulciter
451 2577 774 2628 evocantem,
810 2577 863 2615 te
895 2564 980 2615 vix
1015 2563 1228 2616 tandem
1261 2564 1622 2634 permittente,
1655 2576 1861 2616 secutus
1893 2582 2027 2617 sum.

121 2657 172 2696 80
194 2649 367 2702 Credo
407 2649 462 2701 id
502 2663 688 2718 agente
728 2650 862 2714 De0,
905 2664 965 2702 ut
1005 2650 1242 2719 geminae
1280 2650 1488 2703 virtutis
1529 2650 1747 2702 mirator
1785 2669 1843 2702 ac
1884 2651 2028 2703 testis

194 2755 320 2806 pace
342 2734 585 2806 belloque
605 2736 738 2788 illius
760 2736 1200 2805 providentissimi
1222 2736 1444 2806 pectoris
1467 2735 1686 2788 consiliis
1708 2736 2025 2790 interessem.

248 2821 548 2891 'Septennio
571 2821 625 2872 in
649 2822 816 2890 patria
841 2836 1023 2875 exacto
1047 2842 1104 2874 ea
1126 2823 1326 2892 pietate
1348 2840 1512 2893 eaque
1534 2821 1693 2873 animi
1715 2822 2025 2887 constantia,

193 2922 255 2961 ut
284 2908 618 2978 reliquiarum
648 2927 855 2960 suarum
895 2908 1043 2961 illum
1073 2910 1287 2961 unicum
1322 2921 1637 2961 servatorem
1676 2907 1843 2960 Roma
1880 2927 2024 2960 reco-

192 3006 422 3063 gnoscat,
445 3007 497 3045 et
524 2993 668 3063 quod
693 2994 749 3045 in
775 2994 966 3047 cineres
989 3014 1096 3047 non
1117 3009 1232 3047 tota
1257 2994 1527 3060 corruerit,
1549 2993 1682 3046 ilh‘us
1704 2994 1862 3046 etiam
1883 3009 2024 3047 nunc

119 3090 167 3142 85
193 3079 449 3132 cineribus
485 3098 537 3131 se
574 3078 763 3131 debere
799 3081 1043 3145 fateatur,
1083 3081 1147 3132 ad
1184 3094 1522 3151 conspectum
1560 3093 1713 3132 tuum
1751 3080 2026 3133 novissime

194 3165 459 3219 remeavit.
532 3165 721 3234 Neque
757 3166 974 3235 amplius
1010 3165 1245 3219 substitit
1281 3183 1438 3237 quam
1475 3179 1536 3218 ut
1579 3165 1676 3218 sibi
1719 3183 2022 3236 supremum

195 3270 287 3305 ave
336 3249 489 3303 simul
540 3264 593 3303 et
643 3250 755 3303 vale
807 3250 1018 3305 diceret.
1116 3252 1263 3305 Illico
1315 3252 1453 3305 enim
1506 3266 1559 3304 et
1612 3251 1844 3305 desertae
1891 3251 2023 3306 sedis
