2242 3600
249 175 283 230 4
411 157 806 213 IOHANNI
863 160 1364 215 COLVMNAE
1419 163 1917 217 CARDINALI

249 286 530 340 Rhodanus
564 288 693 339 mihi
725 307 820 358 pro
851 288 1091 341 vehiculo
1124 291 1238 344 erit.
1308 291 1528 344 Interim
1562 307 1623 345 ut
1656 294 1791 346 noris
1823 293 1916 346 ubi
1947 311 2079 358 sum,

249 371 374 421 haec
408 370 505 423 tibi
537 371 819 423 festinante
854 372 1043 423 nuntio
1077 387 1424 426 transcurrere
1455 374 1570 447 [sic]
1603 395 1709 428 non
1741 377 1929 446 piguit.
1997 375 2083 427 De

160 477 230 506 100
251 457 411 508 fratre
439 456 567 508 item
600 470 711 521 tUO,
744 456 877 508 duce
906 457 1048 523 olim,
1081 477 1220 510 nunc
1253 460 1339 528 (da
1369 460 1535 512 dolori
1563 462 1788 530 veniam)
1822 462 2083 513 desertore

251 560 386 607 meo,
425 561 680 611 nusquam
721 542 842 592 alibi
881 561 1039 612 quam
1085 545 1225 613 apud
1260 547 1430 614 ipsum
1471 548 1719 618 conqueri
1762 548 1929 600 visum
1968 559 2080 610 est3

252 646 409 698 quam
452 628 733 697 querelam,
777 642 838 679 ut
879 628 975 679 sibi
1016 647 1174 698 quam
1216 632 1446 699 primum
1488 634 1633 685 mitti
1673 633 1866 699 iubeas,
1908 645 2082 684 oratus

252 714 428 765 facito,
509 714 577 764 Et
621 714 734 765 vale
779 714 941 765 nostri
986 732 1202 768 memor.
1284 716 1550 785 Lugduni,
1597 738 1644 771 v.
1691 718 1814 770 Idus
1858 717 2083 786 Augusti

262 798 451 873 [1-333]-
888 847 892 852 -

391 941 394 945 ,
684 882 887 942 Iacobo
921 883 1246 945 Columnae.
1318 885 1481 945 Fam.
1514 887 1574 946 ii.
1604 905 1661 969 9.

321 977 717 1047 [Semisopitum
756 979 1003 1048 epistolae
1040 994 1161 1032 tuae
1199 1022 1211 1033 .
1253 1023 1264 1033 .
1304 980 1341 1051 .]
1409 981 1501 1051 [In
1535 983 1673 1052 reply
1713 995 1757 1035 to
1794 1002 1825 1034 a
1860 983 2005 1056 letter
2039 983 2093 1051 os

257 1065 532 1117 Giacomo’s
566 1065 625 1117 P.
664 1066 939 1118 maintains
983 1067 1093 1118 that
1126 1067 1206 1119 his
1240 1068 1471 1135 affection
1499 1069 1590 1137 for
1623 1069 1695 1121 St.
1730 1069 2010 1137 Augustine
2044 1069 2090 1120 is

251 1151 476 1219 genuine,
514 1150 616 1202 and
649 1152 693 1202 is
728 1153 987 1203 consistent
1020 1153 1141 1204 with
1178 1154 1257 1206 his
1290 1154 1394 1206 love
1429 1155 1486 1223 of
1515 1155 1593 1206 the
1621 1155 1955 1224 philosophers
1989 1154 2091 1207 and

250 1250 401 1307 poets.
465 1238 547 1288 He
574 1250 735 1306 quotes
764 1238 842 1289 the
868 1240 1094 1308 example
1122 1240 1178 1308 os
1195 1239 1265 1292 St.
1294 1240 1573 1308 Augustine
1600 1239 1836 1312 himself]

212 1340 234 1381 5
327 1355 338 1375 ι
363 1364 375 1376 .
396 1364 407 1375 .
429 1322 530 1374 Sed
543 1323 672 1374 nihil
685 1324 807 1375 iocis
820 1324 1028 1390 lentius,
1041 1325 1479 1390 nihilflexibilius3
1507 1345 1844 1396 quocumque
1858 1327 2086 1392 traxeriS‚

257 1423 564 1479 sequuntur.
628 1410 781 1469 Quid,
801 1430 922 1478 ergo
951 1411 1018 1462 ais
1047 1411 1248 1463 finxisse
1274 1430 1359 1463 me
1386 1412 1515 1463 mihi
1542 1413 1829 1481 speciosum
1853 1412 2089 1486 Laureae

260 1513 452 1547 nomen
484 1509 545 1547 ut
578 1510 724 1561 esset,
760 1510 813 1547 et
847 1496 911 1547 de
943 1515 1047 1566 qua
1080 1517 1175 1565 ego
1203 1497 1463 1567 loquerer,
1498 1511 1551 1549 et
1583 1511 1800 1567 propter
1831 1516 1990 1568 quam
2024 1498 2090 1550 de

260 1600 344 1632 me
372 1581 529 1633 multi
559 1581 919 1651 loquerentur,
952 1602 1007 1634 re
1042 1597 1219 1635 autem
1249 1603 1369 1635 vera
1403 1584 1458 1634 in
1497 1584 1671 1635 animo
1706 1601 1824 1635 meo
1856 1584 2089 1659 lauream

260 1667 389 1718 nihil
418 1686 520 1718 esse
549 1668 644 1719 nisi
671 1668 812 1719 illam
842 1670 1120 1738 poeticam,
1152 1669 1217 1721 ad
1245 1688 1403 1739 quam
1433 1670 1653 1739 aspirare
1680 1688 1765 1721 me
1791 1669 2008 1739 longum
2037 1684 2091 1722 et

193 1774 239 1802 10
259 1754 572 1805 indefessum
603 1754 838 1806 studium
871 1769 1130 1821 testatur3
1184 1756 1248 1807 de
1278 1756 1374 1807 hac
1406 1770 1582 1808 autem
1613 1756 1842 1826 spirante
1871 1756 2090 1822 Laurea,

261 1841 403 1892 cuius
427 1842 593 1892 forma
611 1855 792 1911 captus
813 1842 1010 1908 videor,
1033 1861 1192 1895 manu
1213 1845 1351 1894 facta
1370 1862 1472 1895 esse
1492 1843 1683 1908 omnia,
1703 1843 1826 1895 ficta
1846 1844 2090 1909 carmina,

260 1927 500 1979 simulata
526 1928 740 1997 suspiria
768 1932 785 1980 Β
852 1929 916 1979 In
943 1929 1042 1980 hoc
1070 1948 1176 1980 uno
1203 1948 1326 1981 vero
1353 1929 1556 1980 utinam
1584 1929 1819 1980 iocareris
1842 1930 1855 1982 !
1919 1928 2091 1981 Simu-

178 2066 187 2071 ,
260 2014 386 2066 latio
418 2027 546 2065 esset
578 2015 781 2066 utinam
814 2029 867 2067 et
899 2035 1006 2067 non
1036 2018 1216 2068 furor!
1286 2014 1405 2080 Sed,
1438 2015 1591 2067 crede
1619 2015 1766 2081 mihi,
1799 2034 1956 2067 nemo
1985 2017 2094 2069 sine

261 2119 450 2169 magno
481 2101 656 2152 labore
689 2101 779 2152 diu
811 2101 1036 2154 simulat.
1105 2102 1367 2154 Laborare
1397 2115 1573 2154 autem
1606 2102 1762 2170 gratis
1794 2115 1856 2154 ut
1886 2103 2092 2156 insanus

196 2206 240 2246 15
263 2185 496 2250 videaris,
521 2186 715 2238 insania
739 2205 940 2238 summa
965 2201 1055 2240 est.
1116 2188 1270 2239 Adde
1293 2187 1437 2257 quod
1462 2187 1841 2256 aegritudinem
1864 2189 2093 2257 gestibus

264 2273 457 2324 imitari
490 2272 851 2325 benevalentes
890 2293 1176 2343 possumus,
1204 2293 1384 2327 verum
1423 2274 1672 2344 pallorem
1710 2274 1951 2334 simulare
1988 2294 2095 2328 non
2132 2285 2134 2287 ’

264 2377 548 2429 possumus,
604 2359 730 2410 Tibi
752 2360 932 2429 pallor,
957 2361 1054 2412 tibi
1075 2361 1221 2412 labor
1241 2379 1384 2412 meus
1407 2375 1560 2412 notus
1583 2374 1659 2412 est
1681 2381 1695 2425 3
1735 2360 1916 2431 itaque
1935 2362 2094 2430 magis

265 2464 459 2510 vereor,
496 2464 561 2496 ne
595 2460 655 2496 tu
689 2446 774 2496 illa
807 2447 1093 2498 festivitate
1128 2446 1406 2511 Socratica,
1441 2465 1599 2516 quam
1609 2445 1852 2521 &oniam
1886 2462 2094 2513 vocant,

265 2550 371 2600 quo
406 2532 460 2583 in
494 2550 680 2599 genere
715 2551 780 2582 ne
817 2531 1015 2584 Socrati
1051 2533 1265 2602 quidem
1302 2533 1455 2598 cediS,
1492 2532 1677 2584 morbo
1711 2550 1830 2584 meo
1863 2532 2093 2586 insulteS.

195 2635 244 2665 20
268 2617 369 2670 Sed
397 2631 665 2687 exspecta3
714 2618 857 2669 ulcus
891 2619 990 2669 hoc
1024 2638 1144 2670 cum
1181 2633 1418 2688 tempore
1449 2632 1780 2683 maturescet,
1808 2637 2097 2689 verumque

267 2706 358 2756 fiet
385 2705 439 2755 in
465 2723 549 2755 me
576 2704 978 2756 Ciceronianum
1010 2705 1141 2757 illud
1165 2727 1176 2758 :
1235 2707 1249 2730 ‘
1269 2706 1373 2757 dies
1400 2705 1655 2770 vulnerat,
1684 2704 1790 2756 dies
1815 2704 2098 2759 medetur.'

267 2791 446 2861 Atque
476 2790 712 2843 adversus
743 2791 875 2842 hanc
905 2792 1219 2857 simulatam,
1251 2805 1312 2843 ut
1344 2806 1403 2843 tu
1433 2810 1599 2855 vocaS,
1631 2791 1905 2856 Lauream,
1936 2791 2095 2844 simu-

267 2878 400 2928 latus
430 2877 517 2928 ille
546 2877 675 2928 mihi
707 2878 863 2928 etiam
894 2878 1216 2946 Augustinus
1248 2881 1385 2930 forte
1414 2877 1708 2947 profuerit3
1759 2876 1927 2929 multa
1955 2878 2095 2929 enim

269 2978 322 3015 et
349 2963 521 3031 gravia
547 2962 767 3031 legendo
794 2964 1131 3033 multumque
1158 2963 1480 3028 meditandO,
1510 2977 1790 3033 antequam
1818 2981 2093 3029 senescam,

201 3066 248 3107 25
270 3067 425 3101 senex
453 3067 557 3101 ero,

337 3135 466 3194 Quis
505 3148 680 3186 autem
720 3135 817 3186 erit
854 3137 1158 3188 facetiarum
1197 3136 1428 3188 modus?
1500 3135 1603 3189 Vbi
1639 3134 1880 3188 desines?
1953 3133 2098 3194 Quid

273 3222 360 3286 ais,
400 3234 665 3273 tentatum
706 3235 760 3272 te
797 3240 1009 3291 quoque
1046 3223 1344 3276 fictionibus
1383 3222 1506 3275 meis
1546 3240 1602 3273 ac
1640 3239 1804 3291 prope
1841 3219 2098 3285 delusum,
