2242 3600
227 138 292 205 56
853 135 1230 189 soanTI
1287 137 1446 190 svo

223 265 436 318 tristitia
475 279 527 318 et
566 264 821 318 redeundi
859 265 1206 335 propositum,
1247 265 1520 338 multaque
1558 280 1762 337 praeter
1798 268 1927 323 haec
1962 268 2060 322 alia

223 366 350 405 nota
375 367 514 406 sunt.
578 353 717 412 Quas
744 372 839 422 ego
864 351 1063 404 litteras
1091 352 1218 405 dum
1244 353 1415 406 vivam
1442 353 1579 406 inter
1608 353 1810 408 delicias
1835 355 2061 421 habebo,

136 458 205 499 115
226 438 466 493 dolorum
486 438 720 492 stimulos
741 458 798 491 ac
816 438 1147 492 lacrimarum
1167 439 1438 492 materiam
1458 439 1828 494 immortalem.
1864 442 2062 496 Mensis

224 526 415 580 abhinc
454 526 656 596 integer
694 526 864 596 lapsus
905 539 1033 590 erat,
1061 545 1181 579 cum
1222 546 1318 596 ego
1357 526 1562 597 ignarus
1602 527 1793 580 horum
1823 528 2061 583 omnium

227 613 444 666 domum
490 612 639 676 redii,
684 611 883 664 litteras
930 611 1115 682 reperi,
1161 612 1487 684 famulosque
1533 631 1674 666 meos
1719 633 1840 668 cum
1885 633 2064 668 earum

228 714 410 752 tenore
450 698 730 752 concordes
771 698 947 752 audivi
987 698 1262 751 admirans.
1340 699 1441 752 Sed
1483 699 1612 770 quid
1652 705 1904 771 agerem?
1980 700 2067 754 Illi

230 800 380 839 tanto
419 800 541 838 ante
582 785 915 837 discesserant
947 798 1008 837 ut
1047 785 1150 837 iam
1185 785 1396 837 demens
1438 799 1791 856 exspectarem
1831 785 2064 841 reditum

139 900 208 928 120
229 893 287 924 ac
341 871 711 942 negligentiam
766 889 1074 924 accusarem.
1166 870 1314 931 Quae
1366 885 1647 944 postquam
1679 872 1832 951 „mihi
1885 872 2068 926 debito

226 959 430 1029 longior
454 958 558 1011 visa
582 972 677 1023 est,
703 977 869 1011 unum
894 978 957 1010 ex
979 957 1184 1011 famulis
1208 943 2067 1030 florentiam-„misssl'Mayn'ardum
2126 1009 2128 1012 .

227 1045 417 1097 litteris
456 1044 683 1097 excitans
733 1045 799 1096 ad
847 1043 1266 1097 observationem
1311 1044 1700 1119 promissorum,
1738 1059 1900 1118 atque
1936 1044 2069 1099 illud

231 1131 474 1184 adiiciens
506 1145 567 1184 ut
599 1131 845 1185 eumdem
877 1131 1127 1184 nuntium
1160 1132 1334 1183 Lucae
1365 1145 1544 1184 nostro
1575 1131 1832 1198 mitteret,
1864 1152 1952 1186 seu
1982 1131 2070 1186 ille

143 1326 211 1369 125
232 1305 407 1377 scripsi
443 1304 851 1358 exhortatoriam
890 1305 957 1356 ad
993 1318 1240 1357 votorum
1276 1304 1586 1358 modestiam
1624 1318 1678 1358 et
1712 1305 1779 1358 ad
1808 1305 1962 1359 huius
1987 1305 2071 1359 vel
2127 1344 2129 1346 >

233 1391 442 1444 alterius
488 1391 590 1444 loci
637 1391 967 1456 electionem,
1010 1391 1332 1463 quicumque
1371 1391 1524 1444 rebus
1571 1390 1758 1444 nostris
1798 1404 2071 1463 appareret

234 1478 600 1550 opportunior,
632 1498 727 1531 nec
756 1498 863 1531 non
893 1478 958 1531 ad
987 1496 1188 1531 morem
1218 1478 1477 1531 studiosae
1505 1477 1867 1550 solitariaeque
1896 1477 2072 1545 vitae3

237 1586 369 1637 quae
407 1565 657 1637 quoniam
695 1585 875 1618 omnes
913 1565 1199 1636 aequaliter
1231 1565 1500 1636 tangebat,
1531 1579 1593 1619 ut
1623 1584 1717 1637 per
1754 1584 1876 1620 eum
1914 1565 1981 1619 ad
2019 1579 2074 1618 te

237 1652 395 1705 etiam
417 1652 720 1705 mitteretur
737 1652 945 1705 inserui.
971 1694 983 1705 .
1015 1693 1027 1705 .
1059 1694 1071 1705 .
1099 1651 1182 1719 [P.
1202 1653 1676 1723 waspreparingsor
1693 1653 1823 1706 their
1837 1650 2074 1722 arrival]

145 1765 214 1803 130
304 1741 411 1792 Has
443 1739 580 1792 inter
614 1758 776 1804 curas,
811 1759 944 1810 quae
975 1738 1189 1791 infausti
1220 1739 1441 1792 rumoris
1473 1739 1876 1794 amaritudinem
1909 1739 2074 1811 gemi-

238 1840 450 1891 narunt,
488 1826 704 1879 nuntius
740 1845 885 1879 meus
923 1825 1006 1877 die
1043 1839 1247 1891 oetam,
1284 1840 1565 1898 postquam
1600 1825 1724 1879 hinc
1762 1825 2075 1890 discesserat,

240 1933 332 1983 per
363 1911 768 1966 intensissimum
810 1912 1034 1964 imbrem
1076 1931 1182 1965 non
1223 1926 1551 1984 exspectatus
1591 1912 1780 1978 adfuit,
1813 1926 1867 1965 et
1899 1912 2075 1984 pluvia

239 2014 293 2052 et
312 1999 534 2052 lacrimis
554 1999 767 2052 madens
787 2013 839 2051 et
853 2001 1036 2073 *fronte
1055 1999 1242 2074 vulnus
1263 1999 1423 2052 animi
1442 1999 1712 2052 visibiliter
1731 2001 2077 2070 praeferente.

241 2086 450 2157 Dirigui
482 2100 534 2138 et
567 2106 776 2139 excusso
808 2073 966 2139 manu
994 2077 1192 2139 calamo
1227 2086 1560 2158 (scribentem
1591 2085 1733 2139 enim
1751 2088 1903 2140 {orte
1931 2105 2076 2140 com·

151 2200 219 2241 135
241 2177 499 2245 pererat):
571 2175 584 2198 ‘
607 2172 751 2232 Quid
799 2172 921 2226 novi
968 2174 1135 2237 afferS,
1175 2172 1258 2224 dic
1304 2173 1484 2237 ociuS,'
1523 2171 1771 2226 exclamo.
1873 2172 1947 2226 At
1993 2171 2114 2225 ille·

241 2260 442 2331 gemitu
481 2260 638 2313 verba
676 2262 986 2330 frangente:
1033 2262 1046 2284 ⁶
1070 2259 1261 2312 Infelix
1283 2261 1296 2283 ’
1339 2258 1513 2330 inquit
1554 2259 1802 2313 ‘nuntius
1840 2259 2079 2312 advenio·

243 2347 414 2402 Amici
445 2347 524 2399 tui
554 2364 707 2418 super
737 2346 1003 2417 Apennini
1032 2346 1283 2399 verticem
1321 2346 1376 2398 in
1405 2365 1572 2398 saevas
1601 2346 1868 2401 latronum
1898 2364 2082 2399 manus

243 2434 579 2486 inciderunt?
667 2434 789 2485 Heu
840 2432 1002 2486 mihi!
1072 2432 1202 2504 quid
1246 2431 1368 2485 mali
1418 2437 1537 2485 est?
1609 2429 1947 2504 Prosequitur
1995 2431 2083 2485 ille

243 2521 582 2591 singultiens:
640 2520 1012 2589 Maynardum,
1049 2519 1140 2590 qui
1176 2539 1292 2572 casu
1329 2518 1556 2590 quodam
1592 2517 1666 2570 nil
1706 2518 1809 2571 tale
1844 2532 2083 2572 metuens

157 2629 226 2666 140
243 2606 567 2671 substiterat,
609 2605 664 2658 in
706 2605 911 2658 insidias
953 2605 1154 2676 lapsum
1199 2619 1251 2658 et
1293 2618 1510 2675 repente
1551 2605 1902 2675 compressum
1944 2604 2084 2658 inter

247 2693 560 2746 carneficum
602 2691 797 2761 gladios
843 2691 1204 2762 procubuisse;
1267 2692 1465 2744 Lucam
1511 2691 1735 2744 clamore
1780 2706 2082 2763 permotum

248 2780 433 2832 adacto
489 2777 769 2831 calcaribus
824 2797 961 2848 equo
1017 2777 1275 2830 advolasse
1325 2775 1563 2853 ΨΜ,
1618 2777 1892 2849 solumque
1945 2777 2084 2831 inter

251 2867 430 2919 decem
469 2878 559 2917 aut
599 2863 818 2933 amplius
855 2862 1058 2915 sicarios
1095 2862 1279 2916 stricto
1317 2881 1565 2915 mucrone
1603 2862 1910 2930 constitisse,
1947 2864 2084 2918 mul-

251 2954 421 3024 tisque
446 2950 746 3005 vulneribus
774 2950 905 3002 datis
938 2964 990 3002 et
1018 2949 1261 3021 acceptiS,
1286 2948 1373 3003 vix
1399 2949 1612 3002 tandem
1639 2950 1828 3015 vivum=
1845 2950 2086 3019 evasisse3

162 3060 229 3100 145
252 3040 535 3111 praedones
567 3037 768 3091 sublata
799 3036 953 3089 occisi
984 3037 1173 3108 praeda
1205 3035 1368 3107 impio
1393 3056 1563 3106 gressu
1589 3036 1787 3103 abiisse,
1812 3036 1886 3089 ita
1909 3050 2110 3092 tamen*

255 3142 315 3181 ut
362 3126 538 3179 labore
575 3124 728 3177 simul
767 3138 820 3176 et
861 3123 1174 3176 conscientia
1215 3122 1416 3190 defessi,
1452 3123 1602 3176 facile
1640 3122 1755 3194 capi
1791 3122 2085 3195 potuerint,

253 3213 488 3268 excitatis
518 3211 800 3284 agrestibus
830 3211 895 3264 ad
925 3211 1236 3275 tumultum,
1267 3208 1361 3263 nisi
1390 3209 1605 3282 quidam
1635 3209 1761 3263 falso
1789 3223 1843 3262 et
1871 3208 2087 3282 indigno
