2242 3600
291 161 384 228 184
977 159 1332 212 VRBANO
1386 160 1435 211 v

288 299 350 338 ut
386 306 567 339 verum
604 290 787 352 fatear,
825 289 1057 340 alacritas
1093 290 1179 341 illa
1214 290 1369 341 solius
1402 302 1512 341 erat
1548 290 1726 354 animi,
1764 308 1949 358 corpus
1966 288 2116 340 'enim

288 370 457 423 adhuc
494 372 751 424 imbecille
788 386 897 424 erat
934 387 988 425 et
1023 373 1345 437 invalidum3
1405 393 1574 443 neque
1609 373 1712 424 ulla
1748 393 1950 443 prorsus
1988 374 2117 425 mihi

289 457 477 508 virium
499 458 703 523 fiducia,
728 459 894 511 omnis
921 460 976 510 in
1002 459 1207 511 caelesti
1233 478 1344 529 spes
1371 473 1481 511 erat
1507 458 1711 511 auxilio.
1776 458 1858 511 Sic
1884 466 2117 524 euntem,

214 563 264 604 25
288 563 545 614 supraque
582 545 709 597 vires
749 559 802 597 et
838 565 991 615 supra
1028 559 1253 598 aetatem
1293 547 1371 598 tui
1410 546 1650 598 trahente
1695 545 1947 598 desiderio
1995 566 2117 616 pro-

288 645 726 701 perantempmors
758 632 981 704 inopina
1003 634 1248 685 coercuit.
1318 633 1462 692 Quid
1493 633 1632 684 enim
1662 632 1786 684 licet
1817 632 2120 686 incredibile

288 736 469 768 verum
496 717 643 787 loqui
674 718 886 770 timeam
915 723 932 770 ἒ
999 720 1124 770 Non
1154 719 1425 788 aegritudo
1453 719 1539 770 illa
1566 719 1656 771 sed
1685 739 1804 771 vera
1833 738 1967 771 mors
1996 720 2117 771 fuit.

290 803 330 854 F
333 804 581 855 ictionem
609 805 870 874 poeticam
899 806 1011 875 quis
1042 805 1230 857 dixerit
1258 820 1349 858 aut
1376 805 1715 875 hyperbolem
1742 806 2118 875 importunam,

289 888 474 940 morbo
519 903 610 941 aut
657 891 837 942 exstasi
888 891 1069 943 mortis
1119 909 1312 943 nomen
1362 892 1647 962 imponere.
1729 892 1839 960 Ego
1883 911 2006 944 vero
2056 891 2121 944 de

214 1003 264 1042 30
287 975 564 1044 incognitis
604 995 710 1028 non
750 977 976 1047 disputo.
1050 977 1292 1046 Triginta
1330 977 1410 1029 vel
1449 998 1510 1030 eo
1549 977 1767 1047 amplius
1805 978 1953 1046 horas
1991 978 2122 1048 quid

287 1062 477 1113 fuerim
533 1082 640 1114 non
693 1064 851 1132 magis
907 1064 1141 1128 memini,
1197 1082 1354 1132 quam
1410 1064 1540 1133 quid
1593 1065 1782 1115 fuerim
1839 1078 2120 1134 antequam

290 1167 536 1200 nascerer.
612 1149 799 1201 Nullus
843 1149 1139 1201 intellectus
1181 1149 1237 1200 in
1261 1150 1450 1214 anima,
1492 1149 1661 1201 nullus
1700 1169 1870 1202 sensus
1913 1150 1970 1202 in
2007 1170 2120 1202 cor-

290 1254 433 1304 pore,
470 1236 526 1286 in
562 1254 668 1305 quo
708 1254 828 1288 cum
869 1235 1036 1287 multa
1076 1249 1129 1287 et
1169 1235 1303 1286 acria
1342 1235 1570 1287 remedia
1607 1249 1955 1300 tentarentur,
1993 1235 2123 1288 nihil

291 1321 528 1371 omnium
552 1340 684 1392 quae
711 1341 828 1389 erga
850 1340 933 1372 me
960 1334 1014 1372 et
1039 1321 1094 1371 in
1116 1339 1200 1372 me
1226 1320 1411 1372 fierent
1439 1320 1587 1372 aliter
1611 1321 1743 1372 sensi
1769 1339 1927 1390 quam
1950 1321 2122 1390 imago

219 1429 267 1471 35
293 1425 579 1458 marmorea
627 1406 878 1476 Polycleti
926 1407 1159 1458 sensisset
1208 1420 1298 1458 aut
1347 1406 1577 1459 Phidiae.
1675 1407 1848 1458 Nemo
1898 1406 2124 1477 denique

292 1511 375 1544 me
414 1493 509 1544 nisi
544 1492 860 1567 defunctum
901 1493 1032 1544 dixit
1071 1507 1125 1544 et
1162 1492 1402 1544 credidit.
1479 1492 1560 1545 Sic
1600 1493 1741 1562 apud
1785 1512 1876 1545 nos
1928 1493 2125 1563 ubique
2166 1539 2167 1542 ,

291 1579 580 1648 vulgatum,
627 1579 697 1630 sic
742 1579 959 1644 Patavii,
1004 1579 1074 1630 sic
1122 1579 1399 1644 Ferrariae,
1447 1579 1538 1631 ubi
1591 1594 1718 1632 tunc
1765 1598 1922 1645 eram,
1967 1579 2126 1650 vulgo

292 1665 568 1716 creditum.
635 1664 718 1716 Sic
751 1664 950 1717 devotis
979 1665 1098 1731 tuis,
1125 1665 1275 1717 huius
1309 1667 1498 1717 rectori
1530 1665 1687 1731 urbis,
1716 1679 1769 1718 et
1799 1665 1875 1717 illi
1900 1666 2044 1719 cuius
2069 1667 2126 1719 in

295 1751 452 1803 domo
496 1751 746 1817 iacebam,
787 1751 1112 1821 physicisque
1155 1752 1254 1803 suis
1301 1771 1598 1822 persuasum
1636 1753 1756 1804 fuit.
1820 1752 1980 1812 Quod
2017 1766 2125 1805 tam

220 1866 272 1902 40
293 1839 517 1907 graviter
565 1838 731 1890 tulere
774 1839 811 1889 ii
851 1837 1046 1890 nobiles
1083 1838 1449 1908 magnificique
1489 1839 1602 1904 viri,
1649 1853 1727 1904 ut,
1765 1838 1953 1909 quibus
1999 1839 2124 1892 olim

294 1925 523 1976 multum
546 1924 721 1989 debui,
742 1924 1011 1976 infinitum
1030 1924 1265 1990 debeam,
1285 1944 1454 1995 neque
1470 1925 1588 1995 ipsis
1610 1925 1786 1990 mode,
1803 1925 1894 1977 sed
1914 1926 2126 1996 utrique

293 2011 491 2081 populo
547 2025 723 2063 tantus
778 2012 881 2062 mei
937 2011 1110 2064 obitus
1166 2012 1450 2082 utrobique
1506 2012 1744 2082 publicus
1801 2012 1949 2065 dolor
2002 2014 2125 2072 fuit,

295 2099 483 2168 Neque
531 2099 700 2150 minus
749 2098 929 2150 eadem
977 2100 1114 2149 fama
1160 2099 1403 2150 Venetias
1454 2112 1613 2168 atque
1659 2097 2024 2151 Mediolanum
2073 2113 2126 2151 et

294 2183 561 2249 Ticinum,
599 2185 856 2254 urbesque
891 2184 1008 2236 alias
1045 2184 1136 2236 ubi
1173 2185 1359 2237 amicos
1395 2185 1586 2237 habere
1619 2185 1815 2253 yjdeor,
1851 2198 2128 2255 pervagata

225 2287 272 2328 45
296 2285 389 2335 est,
431 2271 504 2322 ita
547 2284 607 2322 ut
649 2270 863 2340 quidam
906 2291 967 2322 ex
1006 2271 1074 2322 eis
1105 2270 1177 2343 xad
1218 2289 1302 2323 me
1340 2270 1612 2325 visendum
1652 2271 1733 2324 vel
1772 2271 2127 2342 sepeliendum

297 2357 632 2409 accurrerint.
1819 2352 1825 2354 i
1938 2354 1942 2357 ’
1999 2341 2160 2357 ''im“

366 2444 510 2503 Quin
527 2457 580 2495 et
603 2444 957 2495 sacratissimas
981 2463 1122 2495 aures
1149 2458 1259 2495 tuas
1283 2445 1475 2495 samam
1495 2445 1628 2496 hanc
1649 2444 1869 2514 pulsasse
1886 2463 2126 2514 auguror.

272 2559 275 2563 .
299 2530 457 2590 Quod
485 2545 546 2582 ut
575 2530 799 2595 credam,
830 2550 936 2582 non
964 2531 1066 2582 mei
1094 2531 1315 2583 nominis
1344 2531 1561 2596 claritas,
1591 2550 1724 2601 quae
1751 2531 1892 2583 nulla
1918 2545 2012 2598 est,
2039 2531 2130 2584 sed

298 2636 480 2669 eorum
522 2617 661 2686 cogit
703 2617 922 2668 ambitio
962 2617 1330 2689 inexpletaque
1371 2618 1550 2683 rabies,
1591 2619 1682 2688 qui
1724 2618 1830 2670 alto
1871 2636 2033 2688 opum
2073 2619 2129 2670 in

229 2722 279 2763 5ο
299 2703 482 2773 pelago
517 2704 765 2769 sitientes,
805 2703 984 2756 diebus
1021 2724 1078 2756 ac
1116 2704 1357 2756 noctibus
1394 2718 1447 2756 te
1483 2705 1840 2770 circumstant,
1879 2718 2131 2774 tuamque

300 2809 407 2842 non
452 2790 695 2842 desinunt
740 2791 984 2842 infestare
1028 2791 1377 2855 clementiam,
1424 2791 1636 2860 quique,
1681 2791 1722 2842 si
1767 2790 1962 2855 recolis,
2008 2804 2131 2842 ante

299 2896 476 2943 annos,
517 2895 639 2929 cum
685 2878 814 2928 mihi
856 2897 995 2930 casus
1042 2878 1211 2930 multo
1255 2896 1412 2947 quam
1458 2897 1597 2929 nunc
1640 2877 1802 2929 levior
1846 2875 2130 2942 accidisset,

300 2947 542 3017 adieiunt
585 2978 637 3015 te
677 2965 919 3016 certatim
962 2964 1211 3016 beneficia
1252 2983 1382 3028 mea,
1415 2983 1578 3033 pauca
1618 2963 1833 3033 quidem
1865 2977 1918 3015 et
1953 2982 2128 3033 parva,

300 3065 586 3119 poscentes,
628 3050 777 3119 plura
815 3051 939 3102 licet
980 3065 1034 3102 et
1076 3051 1267 3102 maiora
1309 3069 1465 3120 quam
1508 3069 1724 3114 mereor,
1767 3063 1820 3101 et
1861 3068 1995 3119 quae
2031 3049 2130 3102 illis

230 3156 276 3197 55
300 3137 452 3207 plane
503 3137 668 3189 multa
718 3151 771 3188 et
822 3138 995 3206 opima
1045 3137 1338 3202 videantur,
1390 3136 1549 3188 solam
1599 3137 1731 3187 hanc
1782 3136 1849 3188 ob
1905 3154 2128 3201 causam,

301 3223 445 3293 quod
483 3243 596 3275 mea
632 3237 790 3287 sunt3
849 3223 939 3275 uni
977 3223 1106 3275 adeo
1142 3241 1256 3275 sum
1294 3241 1507 3291 magnus
1545 3222 1784 3274 invidiae.
1858 3222 2130 3275 Petierunt
