2242 3600
263 149 359 202 106
686 147 1019 200 IACOBO
1075 147 1662 200 FLORENTINO

257 278 430 343 redeo,
466 274 572 348 quo
606 297 725 330 cum
761 297 931 329 carere
964 277 1157 330 nollem
1191 292 1245 330 et
1279 278 1439 348 potiri
1472 297 1565 348 per
1597 278 1910 348 scriptorum
1943 279 2086 347 igna-

255 365 393 417 viam
433 384 538 416 non
575 363 772 428 liceret,
811 362 1169 416 deficientibus
1212 364 1452 428 externis,
1489 363 1554 415 ad
1598 363 1879 416 domestica
1913 362 2090 417 vertor

258 450 461 515 auxilia,
487 450 835 519 fatigatosque
858 449 950 501 hos
976 449 1164 519 digitos
1190 465 1242 502 et
1266 450 1406 503 hunc
1431 469 1637 502 exesum
1662 463 1821 520 atque
1844 450 2088 519 attritum

188 555 234 597 25
258 536 513 589 calamum
559 536 624 587 ad
669 555 798 606 opus
844 535 1080 632 expedio.
1162 538 1230 589 Et
1274 537 1415 589 hunc
1461 537 1675 607 quidem
1719 537 1775 588 in
1817 535 2090 589 scribendo

259 642 458 675 morem
485 623 649 686 tenui,
675 641 851 692 quem,
876 623 917 673 si
942 622 1071 691 quid
1096 623 1199 675 tale
1223 625 1393 676 forsan
1419 623 1730 692 aggrediare,
1757 622 1855 674 tibi
1879 641 2091 693 quoque

260 724 447 763 notum
491 708 663 761 velim.
745 708 895 759 Nihil
936 707 1036 777 legi
1081 709 1176 760 nisi
1221 709 1347 761 dum
1391 709 1683 780 scriberem.
1763 708 1907 768 Quid
1950 727 2089 778 ergn,

210 795 399 847 dicat
444 794 643 864 aliquis,
687 779 958 859 scribebas,
1004 807 1056 845 et
1100 786 1230 864 quid
1267 776 1513 846 scriberes
1556 776 1869 864 ignorabas?
1948 793 2092 846 Mihi
2143 828 2145 831 .

259 895 435 933 autem
470 881 534 932 ab
567 881 719 933 initio
752 881 870 932 satis
903 882 1005 933 fuit
1040 900 1183 932 nosse
1217 879 1360 950 quod
1391 880 1556 937 Tullii
1589 900 1717 949 opus
1748 893 1897 944 esset,
1915 873 2093 949 idque
2145 892 2155 923 ·.

189 991 238 1030 30
259 967 609 1031 rarissimum3
687 966 993 1036 procedenti
1049 987 1171 1019 vero
1226 986 1319 1036 per
1373 965 1596 1035 singulos
1653 985 1823 1036 passus
1881 979 2091 1027 tantum

261 1052 547 1106 dulcedinis
598 1053 917 1118 occursabat,
962 1067 1217 1123 tantoque
1268 1053 1509 1104 trahebar
1548 1053 1770 1122 impetu,
1813 1065 1874 1104 ut
1911 1051 2118 1130 leffl„

259 1139 413 1193 51111111
440 1159 497 1191 ac
523 1140 748 1192 scribens
774 1140 1005 1192 laborem
1034 1158 1199 1228 unum
1226 1140 1486 1204 senserim,
1515 1139 1659 1209 quod
1688 1153 1796 1191 tam
1823 1125 2089 1203 velociter,

236 1216 322 1278 ut
348 1226 614 1296 optabam,
642 1213 863 1278 calamus
891 1246 996 1278 non
1021 1226 1166 1291 ibat,'
1163 1245 1336 1296 quem
1361 1225 1574 1278 verebar
1599 1225 1759 1277 oculis
1785 1225 2005 1289 anteire,
2027 1243 2093 1276 ne

261 1312 301 1363 si
336 1311 567 1381 legissem
603 1312 861 1364 scribendi
898 1312 1050 1364 ardor
1084 1298 1170 1364 ille
1207 1325 1509 1382 tepesceret.
1582 1310 1664 1363 Sic
1700 1311 1861 1381 igitur
1884 1310 2115 1382 ,cal-amo·

189 1415 238 1455 35
263 1399 502 1450 frenante
529 1398 739 1451 oculum
768 1412 927 1469 atque
954 1397 1106 1450 oculo
1134 1397 1390 1450 calamum
1418 1411 1637 1466 urgente
1664 1396 2003 1467 provehebar,
2031 1410 2093 1449 ut
2131 1387 2135 1392 ⁴

264 1505 370 1537 non
400 1498 609 1537 tantum
639 1505 795 1555 opere
825 1485 1110 1537 delectatus
1139 1484 1253 1550 sim,
1282 1476 1382 1536 sed·
1400 1475 1538 1536 inter
1564 1478 1897 1536 scribendum
1926 1482 2093 1535 multa

265 1571 535 1623 didicerim
574 1572 959 1642 memoriaeque
997 1571 1368 1624 mandaverim.
1447 1571 1568 1630 Quo
1605 1571 1745 1622 enim
1786 1569 1980 1622 tardior
2016 1583 2092 1622 est

261 1658 516 1727 scriptura
542 1676 700 1727 quam
724 1657 899 1723 lectio,
927 1678 988 1710 eo
1014 1657 1166 1709 altior
1190 1657 1511 1727 imprimitur
1536 1657 1819 1726 haeretque
1845 1656 2092 1708 tenacius,
2142 1695 2145 1701 -
2219 1683 2224 1690 -

332 1743 559 1796 Fatebor
581 1758 757 1796 tamen
780 1765 793 1809 ;
835 1745 938 1796 iam
962 1765 1023 1796 eo
1043 1743 1316 1796 scribendo
1337 1762 1671 1814 perveneram
1693 1757 1771 1808 ut,
1796 1762 1901 1794 non
1924 1741 2093 1794 dicam

196 1853 242 1887 40
265 1831 438 1883 taedio
461 1831 621 1882 animi
646 1831 797 1902 (quid
819 1831 958 1883 enim
987 1831 1229 1883 Ciceroni
1252 1831 1420 1883 minus
1448 1830 1692 1883 convenit
1720 1830 1781 1898 ?),
1803 1828 1892 1881 sed
1917 1828 2094 1881 labore

192 1932 206 1943 ⁸
264 1936 515 1971 manuum
553 1918 739 1983 victus,
777 1932 1077 1988 susceptum
1115 1916 1388 1970 consilium
1428 1936 1534 1969 non
1571 1916 1864 1987 probarem,
1904 1934 2094 1986 meque

261 2006 365 2066 iam
401 2024 507 2057 non
542 2005 645 2056 mei
680 2005 877 2074 negotii
911 2004 1242 2075 poeniteret3
1299 2004 1426 2056 dum
1460 2003 1635 2056 subito
1667 2002 1755 2055 ille
1789 2002 1918 2054 mihi
1950 2001 2093 2054 locus

264 2091 444 2143 allatus
477 2105 570 2156 est,
603 2090 694 2143 ubi
726 2091 911 2143 Cicero
941 2091 1050 2161 ipse
1080 2091 1336 2143 orationes
1369 2089 1574 2142 alterius
1607 2089 1776 2141 nescio
1808 2089 1951 2141 cuius
1985 2086 2095 2156 (sed
2150 2107 2152 2110 ·

263 2179 502 2248 profecto
527 2197 632 2229 non
655 2176 820 2229 Tullii
842 2198 855 2242 3
901 2196 1032 2230 unus
1058 2191 1134 2229 est
1159 2177 1298 2229 enim
1321 2175 1408 2228 ille
1431 2176 1525 2241 vir,
1551 2194 1654 2228 una
1675 2174 1762 2226 illa
1785 2194 1902 2239 vox,
1927 2192 2094 2227 unum
2138 2185 2142 2188 ⁴

194 2277 244 2318 45
262 2264 395 2317 illud
419 2264 707 2333 ingenium)
735 2264 987 2334 scripsisse
1011 2283 1062 2316 se
1088 2276 1361 2316 memorat.
1423 2263 1437 2286 ‘
1461 2263 1599 2314 Nam
1626 2280 1749 2331 quas
1778 2261 1872 2326 tu,'
1900 2260 2093 2331 inquit,

265 2351 279 2374 ‘
303 2368 675 2402 commemoras
704 2350 865 2402 Cassii
891 2349 1060 2419 legere
1090 2364 1142 2402 te
1169 2349 1330 2402 solere
1359 2348 1613 2400 orationes
1643 2366 1763 2399 cum
1792 2346 1984 2399 otiosus
2012 2346 2094 2411 515,

266 2455 346 2487 eas
375 2456 470 2505 ego
497 2436 674 2506 scripsi
696 2436 709 2460 ⁷
734 2457 747 2501 3
798 2450 869 2502 et,
900 2450 960 2488 ut
989 2436 1137 2501 solet,
1169 2455 1289 2488 cum
1319 2434 1606 2487 adversario
1633 2453 1726 2486 suo
1754 2433 1924 2485 iocans
1954 2432 2095 2486 rudis

264 2522 438 2592 inquit
482 2536 535 2574 et
578 2524 714 2574 ferus
759 2523 772 2547 ‘
797 2542 863 2574 ne
904 2523 1119 2575 omnino
1162 2540 1395 2593 unquam
1438 2538 1595 2573 essem
1639 2519 1831 2571 otiosus
1853 2519 1886 2571 ’.
1951 2519 2096 2578 -Quo

263 2608 401 2660 lecto
436 2608 506 2660 sic
542 2609 700 2660 exarsi
738 2609 879 2681 quasi
915 2608 1235 2661 verecundus
1259 2607 1414 2680 ἱ1111105
1450 2606 1552 2658 cari
1587 2625 1713 2658 voce
1750 2604 1892 2657 ducis
1927 2605 2093 2657 incre-

199 2712 246 2752 50
267 2695 424 2765 pitu8‚
461 2708 514 2746 et
549 2713 791 2747 mecum:
849 2696 862 2718 ‘
886 2714 1007 2764 ergo
1042 2694 1227 2747 alienas
1261 2693 1447 2746 Cicero
1480 2691 1699 2761 scripsit,
1736 2705 1796 2743 tu
1830 2690 2095 2744 Ciceronis

267 2781 523 2833 orationes
553 2780 775 2833 scribere
806 2780 1018 2850 negligis
1047 2784 1063 2833 ?
1151 2780 1254 2832 Hic
1290 2778 1448 2831 animi
1485 2779 1673 2842 fervor,
1706 2777 1805 2829 hoc
1842 2777 2095 2844 studium,

266 2866 350 2919 hic
379 2866 541 2919 divini
569 2866 731 2918 honos
763 2867 956 2936 ingenii
989 2881 1064 2919 est
1086 2870 1103 2919 ?
1124 2868 1138 2892 ’
1201 2866 1295 2918 His
1324 2878 1468 2917 actus
1497 2863 1716 2916 stimulis
1743 2864 1962 2934 processi
1992 2863 2095 2915 iam

266 2949 521 3020 propositi
545 2963 732 3015 certuS,
759 2964 811 3001 et
835 2950 875 3001 si
901 2950 1029 3020 quid
1054 2970 1116 3002 ex
1141 2948 1366 3002 tenebris
1391 2947 1515 2999 meis
1539 2960 1713 3016 potest
1737 2945 2096 3016 splendoribus

265 3036 400 3089 illius
428 3035 699 3088 facundiae
729 3035 958 3087 coelestis
987 3035 1246 3100 accedere,
1276 3034 1374 3086 erit
1402 3033 1500 3085 hoc
1529 3034 1666 3085 forte
1694 3052 1800 3084 non
1827 3031 2094 3098 ultimum,

197 3144 245 3186 55
268 3122 411 3192 quod
445 3121 718 3174 dulcedine
751 3136 930 3191 captus
963 3120 1292 3173 inenarrabili
1325 3138 1432 3172 rem
1464 3133 1647 3189 suapte
1680 3132 1864 3171 natura
1897 3117 2094 3171 taedio-

267 3209 529 3284 sissimam)
541 3207 780 3273 scribere,
806 3221 913 3259 tam
941 3207 1175 3259 alacriter
1197 3206 1314 3272 feci,
1338 3219 1398 3258 ut
1424 3204 1509 3258 vix
1532 3223 1615 3256 me
1637 3205 1811 3257 fecisse
1831 3204 2094 3258 sentirem.
