2242 3600
194 202 261 255 90
692 182 1190 236 FRANCISCO
1243 183 1538 236 PRIORI

192 314 336 366 locus
359 327 436 366 est
460 313 563 365 alta
584 312 679 364 sub
705 331 834 382 rupe
857 331 914 364 ac
937 312 1119 366 mediis
1141 313 1196 364 in
1219 312 1388 378 undiS‚
1413 326 1658 381 angustus
1681 312 1913 382 quidem,
1937 312 2027 365 sed

193 399 374 470 plenus
407 399 627 452 stimulis
661 398 979 464 ardentibus,
1013 398 1201 469 quibus
1234 399 1379 468 piger
1410 398 1533 450 licet
1567 398 1766 450 animus
1797 398 1853 450 in
1885 398 2024 451 altis-

194 486 342 537 simas
370 505 513 538 curas
540 486 700 555 possit
729 504 1002 554 assurgere.

104 596 174 624 100
263 572 407 632 Quid
447 573 565 625 vis?
643 572 847 623 Possem
888 573 1059 623 forsan
1099 572 1183 623 hic
1225 572 1396 623 vivere
1437 572 1532 623 nisi
1572 570 1654 623 vel
1696 584 1803 623 tam
1844 570 2027 641 procul

196 659 364 725 Italia,
406 659 488 712 vel
531 673 639 710 tam
680 677 845 728 prope
887 672 1015 710 esset
1057 658 1264 711 Avinio.
1342 657 1486 717 Quid
1528 658 1668 709 enim
1711 656 2026 710 dissimulem

193 746 454 814 geminam
481 745 640 797 animi
666 744 942 796 mollitiem
971 748 988 797 ?
1052 744 1195 797 Illius
1221 763 1306 796 me
1331 763 1474 796 amor
1499 743 1695 796 mulcet
1721 762 1778 795 ac
1802 742 2027 807 vellicat,

194 832 345 884 huius
383 850 467 883 me
504 831 685 883 odium
721 830 913 900 pungit
949 844 1003 883 et
1041 844 1259 901 asperat,
1297 830 1531 901 odorque
1566 829 1888 900 gravissimus
1926 829 2030 881 toti

196 918 395 970 mundo
421 919 652 989 pestifer,
680 916 810 987 quid
839 917 1032 969 mirum
1061 918 1101 969 si
1131 917 1185 968 in
1215 917 1486 969 vicinitate
1515 917 1676 968 nimia
1704 916 1855 968 unius
1882 915 2030 985 parvi

104 1027 170 1065 105
195 1006 323 1057 ruris
343 1005 622 1056 innocuam
648 1003 839 1074 polluit
865 1004 1151 1073 puritatem
1173 1007 1189 1055 ?
1257 1002 1352 1055 Ille
1378 1022 1462 1055 me
1487 1003 1608 1055 hinc
1635 1002 1823 1073 pellet3
1859 1001 2028 1054 sentio

195 1092 334 1143 enim
372 1105 568 1143 statum
605 1090 818 1143 interim
856 1109 1050 1143 meum.
1123 1089 1275 1155 Vide,
1314 1089 1445 1142 nihil
1482 1103 1558 1141 est
1595 1089 1739 1159 quod
1776 1078 2058 1153 metuam,

72 1177 112 1212 '²
178 1178 291 1254 *nisi
316 1178 546 1230 reditum
573 1177 638 1229 ad
663 1176 831 1229 urbes.
893 1176 1035 1230 Vale.
1096 1175 1293 1246 [1352]

5 1231 72 1271 :uſs
90 1235 125 1253 a:
155 1260 159 1267 Ι

15 1278 58 1318 4’έ
79 1275 178 1319 ,ρ;ῑ’.;

369 1386 609 1447 Zenobio
643 1371 1032 1446 Grammaticb
1062 1385 1405 1445 Florentino.
1472 1385 1635 1444 Fam.
1669 1407 1762 1444 xv.
1797 1401 1849 1461 3.

288 1509 416 1564 CIO
465 1525 519 1563 te
566 1511 741 1563 mirari
801 1525 854 1563 et
903 1524 1079 1563 tecum
1130 1509 1317 1574 dicere,
1367 1510 1380 1533 ‘
1405 1509 1592 1579 quibus
1640 1509 1725 1560 hic
1774 1522 2029 1560 terrarum

287 1598 480 1650 militat
503 1598 637 1663 oris,’
661 1598 757 1649 nisi
783 1599 921 1649 forte
946 1596 1033 1649 ille
1059 1610 1234 1648 noster
1260 1595 1390 1648 alter
1410 1615 1505 1664 ego
1531 1614 1586 1646 re
1611 1609 1665 1646 et
1686 1594 1916 1659 nomine,
1937 1593 2029 1663 qui

199 1684 345 1736 nobis
376 1684 481 1736 late
511 1683 817 1754 vagantibus
848 1683 1047 1753 patriae
1079 1682 1262 1735 nidum
1293 1684 1455 1746 fovet,
1486 1682 1684 1733 litteras
1717 1680 1782 1732 ad
1811 1699 1863 1732 se
1894 1698 2029 1732 meas

199 1769 350 1822 huius
388 1769 776 1840 propemodum
814 1769 1103 1821 sententiae
1142 1768 1240 1820 tibi
1280 1787 1307 1819 e
1346 1767 1609 1819 Florentia
1645 1766 2029 1836 Parthenopem

155 1876 176 1915 5
200 1856 396 1908 miserit
419 1877 433 1921 3
482 1856 626 1926 quod
652 1857 693 1908 si
719 1856 863 1920 fecit,
892 1855 1250 1926 nequidquam
1279 1854 1377 1906 tibi
1403 1854 1528 1906 haec
1551 1874 1564 1917 3
1612 1852 1701 1904 sed
1727 1852 1849 1922 quia
1875 1871 2029 1904 occu-

200 1944 434 2013 pationes
473 1962 583 1996 suas
612 1957 811 2008 metu0,
840 1957 893 1995 et
922 1942 1235 1995 desiderium
1264 1955 1416 1994 tuum
1443 1940 1581 2005 novi,
1607 1940 1662 1991 in
1689 1939 1851 1992 dubio
1875 1939 2032 1991 satius

203 2029 327 2081 duxi
367 2030 549 2082 horam
591 2048 748 2082 unam
790 2029 1008 2099 perdere
1047 2029 1087 2080 si
1126 2045 1503 2099 supervacuum
1545 2040 1621 2078 est
1662 2024 1806 2095 quod
1844 2024 2030 2090 scrib0‚
2099 2093 2107 2099 ·

202 2135 359 2186 quam
387 2117 717 2168 necessariam
738 2115 1041 2168 subtrahere
1066 2134 1158 2184 per
1186 2114 1433 2184 temporis
1459 2112 1908 2165 avaritiam‘status
1930 2111 2033 2163 mei

203 2202 446 2254 notitiam
472 2203 654 2254 amico.

136 2312 182 2338 10
271 2287 374 2340 Vbi
398 2288 514 2352 sim,
541 2288 671 2359 quid
696 2289 940 2358 cogitem,
969 2286 1099 2358 quid
1125 2305 1271 2357 agam
1305 2286 1553 2350 audieraS,
1579 2299 1633 2337 et
1659 2286 1796 2337 fama
1820 2284 1924 2338 fuit
1950 2303 2035 2336 me

203 2374 450 2444 procellas
493 2374 683 2427 Curiae
726 2375 1017 2444 fugientem
1063 2373 1270 2425 Italiam
1313 2386 1565 2443 repetere,
1608 2370 1749 2423 sedes
1792 2370 1885 2424 ubi
1926 2372 2035 2424 fata

205 2461 405 2531 quietas
445 2461 717 2513 ostendere
752 2459 1082 2512 videbantur.
1169 2460 1314 2512 Dum
1352 2478 1471 2528 ergo
1509 2459 1612 2510 iam
1650 2458 1751 2510 iter
1797 2475 2034 2528 caperem

208 2547 425 2599 Ianuam
466 2566 655 2611 versuS,
700 2546 897 2598 nullam
940 2546 1091 2597 aliam
1135 2545 1202 2597 ob
1245 2563 1448 2597 causam
1491 2544 1586 2595 nisi
1627 2557 1688 2595 ut
1728 2561 2032 2612 germanum

208 2634 423 2686 unicum
468 2634 668 2685 virtute
713 2633 843 2684 mihi
889 2651 1046 2703 quam
1092 2633 1339 2702 sanguine
1383 2631 1648 2695 cariorem,
1696 2630 1787 2700 qui
1831 2643 2036 2700 praeter
2076 2661 2078 2663 ·

142 2744 186 2785 15
208 2720 408 2772 viarum
432 2719 637 2772 illarum
661 2719 836 2771 locum
860 2719 1148 2771 solitarium
1173 2732 1331 2789 atque
1353 2718 1653 2781 silvestrem,
1680 2717 1763 2768 cui
1786 2715 2036 2769 Montani

209 2806 304 2859 rivi
342 2824 534 2858 nornen
571 2820 665 2870 est,
706 2805 770 2856 ad
807 2805 1167 2857 famulandum
1205 2805 1416 2857 Christo
1454 2817 1604 2855 tunsa
1640 2803 1847 2872 penitus
1885 2820 2037 2854 carne

211 2891 421 2962 delegit,
448 2891 530 2944 vel
555 2892 610 2943 in
638 2892 858 2943 transitu
885 2891 1115 2943 viderem
1141 2891 1305 2943 lustro
1331 2891 1535 2959 integro
1561 2908 1667 2940 non
1692 2889 1876 2953 visum,
1903 2888 2037 2940 circa

210 2977 489 3031 occiduum
534 2977 716 3029 Italiae
757 2977 998 3042 limitem,
1043 2977 1239 3029 Varum
1285 2994 1507 3040 amnem,
1553 2974 1689 3026 bello
1730 2975 1831 3027 iter
1872 2974 2034 3026 inter-

209 3079 427 3135 ruptum
467 3065 654 3135 reperii
692 3063 892 3133 Alpinis
933 3064 1244 3133 quibusdam
1283 3062 1523 3133 gentibus
1564 3062 1770 3114 armatis
1810 3060 1876 3113 ad
1911 3060 2034 3113 litus

138 3170 186 3197 20
209 3152 394 3204 effusis.
470 3151 538 3202 Iis
576 3169 671 3219 ego
709 3149 1002 3202 rumoribus
1040 3150 1192 3203 simul
1230 3164 1283 3202 et
1322 3149 1606 3201 amicorum
1644 3147 1881 3218 precibus
1917 3165 2034 3217 per-

211 3251 403 3302 motuS‚
430 3250 637 3289 mutato
671 3235 883 3287 consilio
908 3235 1116 3288 flectere
1149 3237 1248 3288 iter
1285 3236 1524 3299 institui,
1577 3236 1785 3304 iamque
1822 3232 2034 3286 Geben-
