2242 3600
202 169 267 220 30
366 154 771 206 IOHANNI
830 154 1331 207 COLVMNAE
1389 155 1889 208 CARDINALI

196 301 355 352 quam
413 282 694 334 formidata
755 283 1085 352 proveniant,
1141 297 1194 335 et
1246 285 1437 336 multas
1500 303 1562 335 eo
1625 298 1865 353 tempore
1915 284 2047 336 coeli

197 370 360 421 minas
386 370 651 421 audieram
679 389 735 420 ac
762 368 1012 434 videram,
1040 388 1175 439 quae
1199 370 1379 438 gelidis
1405 371 1460 422 in
1486 370 1783 438 regionibus
1809 370 2054 423 habitare·

127 475 175 503 20
197 457 366 521 solito,
403 457 623 508 monstri
665 457 843 520 instar,
880 456 1091 507 hiemali
1130 457 1322 525 frigore
1358 458 1414 508 in
1452 471 1655 509 metum
1696 477 1753 509 ac
1791 477 1958 527 paene
1991 459 2047 509 in

199 543 500 610 religionem
530 557 789 595 verteram
825 543 973 615 [sicu]
2022 557 2027 561 ”

265 628 409 688 Quid
445 630 638 698 plura?
705 629 827 679 Nox
864 628 1059 693 aderat,
1097 647 1256 709 quam
1291 629 1383 709 lux
1417 643 1654 715 suspecta
1691 630 2009 699 sequebatur
2031 636 2063 694 ς’

197 715 462 784 trepidula
515 692 830 766 feminarum
856 710 1063 779 turba,
1104 702 1352 784 periculi
1386 717 1561 784 potius
1617 709 2045 796 quamfflorls

197 820 414 865 memor,
445 821 537 870 per
565 802 702 853 vicos
731 802 1034 870 plateasque
1062 801 1364 866 discurrere,
1395 815 1556 871 atque
1583 802 1648 854 ad
1677 802 1836 854 ubera
1865 803 2045 871 pressis

126 907 173 948 25
195 888 483 939 infantibus
511 888 728 956 supplex
754 901 807 938 et
832 888 1101 938 lacrimosa
1127 888 1448 957 templorum
1473 889 1740 940 liminibus
1766 888 2043 942 obversari.

195 974 578 1043 Trepidatione
612 975 774 1042 igitur
808 973 1018 1043 publica
1053 988 1341 1043 permotus,
1378 976 1546 1044 prima
1579 995 1790 1045 vespera
1825 975 2044 1028 domurn

196 1060 340 1112 redii.
417 1059 583 1111 Solito
621 1059 837 1129 quidem
858 1060 1206 1137 ganquillius
1245 1060 1450 1112 coelum
1488 1075 1635 1125 erat3
1693 1081 1798 1132 qua
1834 1061 2044 1127 fiducia,

195 1147 287 1216 qui
322 1165 530 1197 mecum
566 1161 707 1210 sunt,
745 1147 1000 1198 maturius
1033 1147 1088 1197 in
1121 1146 1424 1199 cubiculum
1457 1162 1831 1201 concesserant.
1903 1148 2045 1200 Mihi

194 1246 490 1301 exspectare
516 1233 683 1284 visum
713 1247 788 1284 est
817 1233 1246 1302 contemplaturo
1277 1252 1381 1303 qua
1406 1234 1531 1286 luna
1557 1237 1735 1286 fronte
1760 1235 2043 1287 occumbe-

120 1340 171 1378 30
194 1334 305 1383 ret;
340 1332 449 1369 erat
477 1333 672 1383 autem,
694 1320 789 1370 nisi
816 1319 983 1384 fallor,
1006 1321 1244 1388 septima.
1318 1321 1495 1372 Institi
1522 1321 1685 1389 igitur
1712 1320 1777 1373 ad
1803 1340 2043 1374 occasum

192 1405 549 1474 spectantibus
579 1406 834 1471 fenestris,
866 1405 1033 1458 donec
1061 1425 1176 1457 eam
1206 1406 1513 1459 obvolutam
1543 1407 1734 1459 nimbis
1763 1422 1816 1460 et
1845 1422 2045 1461 moesta

195 1493 324 1543 facie
367 1505 490 1542 ante
532 1491 767 1543 medium
813 1493 980 1544 noctis
1025 1493 1291 1561 proximus
1335 1512 1483 1545 mons
1528 1494 1817 1547 abscondit.
1897 1495 2043 1548 Tum

194 1578 408 1629 demum
447 1592 501 1629 et
541 1598 636 1646 ego
674 1579 930 1631 lectulum
970 1599 1148 1631 meum
1189 1580 1411 1633 dilatum
1451 1600 1689 1650 soporem
1730 1596 2042 1651 excepturus

195 1665 475 1733 ingredior.

121 1768 169 1808 35
258 1752 359 1803 Vix
389 1751 516 1803 dum
547 1766 689 1804 totus
719 1754 1126 1818 obdormieram,
1141 1768 1532 1824 guin-„repente
1566 1755 1803 1807 horribili
1842 1758 2046 1824 fragore

193 1858 298 1890 non
332 1852 541 1890 tantum
574 1842 831 1891 fenestrae
861 1840 950 1891 sed
982 1859 1161 1892 murus
1192 1841 1318 1910 ipse,
1350 1860 1496 1893 saxea
1536 1841 1802 1894 testudine
1833 1841 2044 1908 soliduS,

194 1925 257 1976 ab
295 1926 409 1976 imis
447 1925 804 1977 fundamentis
842 1928 1095 1996 impulsus
1130 1929 1349 1992 tremit3
1404 1939 1464 1979 et'
1490 1942 1811 1980 nocturnum
1837 1928 2044 2002 lumen,

192 2012 365 2080 sopito
402 2012 530 2073 mihi
566 2013 778 2080 vigilare
812 2014 1044 2078 solitum,
1075 2014 1441 2082 exstinguitur.
1519 2015 1832 2067 Excutimur
1869 2017 2043 2068 stratis

193 2112 246 2149 et
287 2099 343 2149 in
382 2098 558 2149 locum
600 2100 768 2150 somni
810 2101 1010 2152 vicinae
1054 2114 1225 2152 metus
1278 2101 1460 2151 mortis
1501 2101 1812 2168 ingreditur.
1909 2103 2045 2154 Ecce

122 2205 171 2240 40
194 2199 388 2249 autem,
423 2184 550 2236 dum
575 2186 733 2262 inter
747 2187 991 2262 tenebras
1025 2187 1157 2238 alter
1189 2188 1411 2239 alterum
1444 2188 1667 2256 quaerit,
1701 2203 1754 2239 et
1787 2188 2044 2241 beneficio

194 2272 335 2323 dirae
368 2272 494 2323 lucis
530 2253 760 2324 ostensos
797 2260 1014 2343 trepidis
1048 2276 1273 2327 invicem
1309 2294 1400 2326 nos
1435 2275 1649 2327 vocibus
1684 2275 2040 2342 cohortamur,

194 2359 415 2426 religiosi
460 2360 556 2410 viri
602 2378 829 2428 quorum
875 2363 930 2412 in
976 2361 1188 2413 aedibus
1234 2362 1548 2426 habitamuS,
1595 2375 1648 2413 et
1693 2363 2040 2416 sanctissimus

196 2463 376 2496 eorum
427 2446 586 2514 prior,
638 2465 797 2515 quem
847 2448 1057 2499 honoris
1109 2468 1258 2500 causa
1307 2449 1541 2512 nomin0,
1593 2448 1785 2513 David,
1837 2451 1930 2520 qui
1980 2470 2042 2502 ex

195 2550 340 2582 more
377 2531 442 2583 ad
481 2546 759 2584 nocturnas
799 2534 997 2586 Christi
1035 2535 1211 2587 laudes
1249 2535 1547 2604 surgebant,
1588 2537 1865 2604 repentino
1902 2537 2041 2589 malo

122 2639 169 2679 45
195 2619 383 2682 territi,
414 2607 759 2688 crucibusque
789 2639 846 2671 ac
874 2635 1175 2673 sanctorum
1206 2623 1432 2692 reliquiis
1463 2623 1665 2686 armati,
1697 2637 1751 2674 et
1781 2623 1884 2674 alta
1912 2643 2042 2677 voce

195 2704 298 2755 Dei
351 2705 757 2756 misericordiam
810 2708 1166 2776 implorantes,
1223 2708 1531 2772 thalamum,
1586 2707 1677 2759 ubi
1730 2728 1827 2777 ego
1878 2729 2038 2776 eram,

195 2790 434 2859 praelatis
477 2791 673 2842 facibus
716 2792 1036 2861 irrumpunt.
1117 2794 1298 2846 Revixi
1342 2794 1613 2863 tantisper.
1677 2795 1872 2847 Omnes
1914 2795 2040 2848 inde

195 2874 260 2926 ad
305 2875 569 2927 ecclesiam
616 2878 895 2945 pergimus,
943 2878 1124 2948 ibique
1170 2880 1317 2931 effusi
1362 2879 1542 2931 multis
1587 2898 1708 2931 cum
1754 2881 2036 2948 gemitibus

194 2976 578 3031 pernoctamUS,
602 2982 721 3014 cum
750 2965 851 3015 iam
880 2966 981 3016 iam
1011 2965 1319 3018 adfuturum
1342 2966 1499 3017 finem
1529 2980 1581 3018 et
1611 2968 1813 3019 ruitura
1839 2969 2035 3020 circum

126 3068 173 3109 50
195 3049 370 3100 omnia
398 3047 742 3101 crederemus.
1330 3035 1436 3059 ¹—-

263 3133 500 3203 Longius'
518 3153 649 3199 eam,
674 3137 712 3186 si
737 3155 947 3188 omnem
972 3138 1105 3190 illius
1123 3140 1363 3203 Qernae
1386 3139 1551 3190 noctis
1575 3139 1844 3191 horrorem
1867 3139 2035 3192 verbis

194 3221 440 3289 amplecti
484 3221 676 3285 velim3
744 3236 796 3273 et
841 3225 1075 3293 quamvis
1120 3225 1275 3294 longe
1317 3226 1447 3277 citra
1491 3243 1672 3277 verum
1718 3226 1880 3291 sistat,
1925 3227 2035 3278 veri
