2242 3600
278 204 307 239 2
460 187 851 265 IOHANNJ
910 186 1407 240 COLVMNAE
1463 186 1958 258 CARDINALI

278 316 413 370 dicas
440 336 622 370 verum
649 318 802 369 fuisse
828 317 1167 386 praesagium,
1195 316 1340 386 quod
1372 317 1426 368 in
1454 316 1556 368 fine
1583 316 1702 369 libri
1735 318 2104 389 Metamorpho-

274 424 373 457 seos
413 405 643 457 multum
690 405 772 458 vel
819 404 1136 473 posteritatis
1183 404 1378 472 gratiae
1423 403 1506 455 vel
1546 404 1755 472 ingenio
1798 424 1891 456 suo
1941 405 2105 458 fidens

200 506 252 545 30
274 492 442 560 ponit.
504 491 772 560 Siquidem
802 509 904 559 qua
931 490 1164 541 Romana
1185 490 1440 558 potentia,
1463 509 1551 541 seu
1579 491 1764 555 veriuS,
1783 509 1886 560 qua
1913 491 2104 544 Roma-

274 596 401 629 num
430 597 622 629 nomen
644 577 847 628 domito
875 576 1000 627 orbe
1027 595 1078 634 se
1105 575 1342 644 porrigit,
1361 575 1704 644 plausibiliter
1721 595 1859 628 nunc
1885 579 2105 630 faventis

274 663 455 732 populi
481 682 569 714 ore
595 664 894 732 perlegitur.
957 662 1051 713 His
1070 681 1165 730 ego
1191 661 1488 726 comitibus,
1511 661 1602 713 ubi
1629 662 1758 732 quid
1785 663 2104 716 audiendum

272 763 372 800 seu‘
413 748 834 818 respondendum
881 747 1085 811 incidit,
1129 766 1224 816 pro
1266 746 1441 814 lingua
1492 761 1545 798 et
1599 767 1695 816 pro
1737 748 1944 801 auribus
1987 767 2106 801 usus

273 854 403 888 sum.
464 836 641 887 Vnum
681 836 842 903 igitur
875 854 935 885 ex
966 852 1029 884 eo
1068 851 1286 884 numero
1320 832 1575 884 admirans
1610 848 1663 886 et
1694 835 1899 902 ignarus
1932 854 2105 888 rerum

201 947 249 989 35
273 936 609 991 percontatus
635 921 921 988 Virgiliano
949 919 1038 970 illo
1065 918 1315 970 versiculo
1340 939 1350 970 ε
1400 919 1413 941 ‘
1432 918 1576 977 Quid
1601 919 1715 971 vult
1738 939 2013 972 concursus
2041 920 2106 972 ad

274 1026 479 1060 amnem
507 1013 522 1060 ?
579 1006 786 1066 Quidve
818 1018 1011 1075 petunt
1039 1005 1239 1055 animae
1269 1008 1284 1055 ?
1307 1007 1319 1028 ²
1373 1023 1675 1072 responsum
1703 1007 1895 1075 accepi,
1923 1025 2106 1076 perve-

273 1109 475 1146 tustum
503 1094 670 1162 gentis
699 1093 861 1144 ritum
884 1111 1004 1156 esse,
1025 1091 1183 1159 vulgo
1210 1109 1507 1159 persuasum
1535 1093 1837 1160 praesertim
1859 1093 2105 1158 femineO,

272 1198 483 1232 omnem
524 1180 685 1231 totius
729 1179 850 1230 anni
902 1177 1254 1229 calamitatem
1306 1176 1674 1228 imminentem
1724 1177 1922 1230 fluviali
1971 1178 2106 1230 illius

271 1266 374 1318 diei
410 1266 679 1317 ablutione
714 1265 941 1334 purgari,
970 1277 1022 1315 et
1056 1262 1298 1331 deinceps
1325 1262 1539 1314 laetiora
1581 1262 1890 1328 succedere;
1926 1264 2107 1334 itaque

149 1356 152 1358 ’
200 1379 250 1415 40
270 1353 633 1416 lustrationem
679 1371 781 1403 esse
825 1369 1069 1414 annuam,
1109 1349 1417 1400 inexhausto
1454 1367 1657 1418 semper
1693 1349 1870 1401 studio
1909 1350 2106 1402 cultam

272 1437 665 1507 colendamque.
741 1437 826 1488 Ad
857 1437 983 1487 haec
1016 1455 1111 1504 ego
1149 1434 1449 1486 subridens:
1532 1434 1614 1486 ‘O
1646 1436 1868 1487 nimium
1901 1437 2105 1488 felices'

270 1525 486 1594 inquam
520 1524 723 1575 ‘Rheni
761 1523 979 1587 accolae,
1017 1539 1243 1591 quorum
1283 1519 1369 1570 ille
1407 1520 1630 1571 miserias
1662 1536 1870 1589 purgat,
1908 1535 2106 1574 nostras

270 1610 485 1680 quidem
522 1629 615 1662 nec
651 1609 817 1661 Padus
851 1626 1084 1677 unquam
1115 1607 1279 1659 valuit
1313 1625 1549 1674 purgare,
1585 1625 1679 1657 nec
1711 1606 1934 1660 Tiberis.
2001 1607 2106 1660 Vos

252 1700 437 1749 'vestra
470 1696 603 1747 mala
637 1695 896 1747 Britannis
932 1694 1118 1745 Rheno
1154 1706 1365 1744 vectore
1402 1692 1774 1757 transmittitis,
1803 1712 1894 1744 nos
1930 1707 2106 1746 nostra

196 1804 246 1847 45
268 1783 493 1834 libenter
529 1783 684 1846 Afris,
724 1796 884 1851 atque
928 1780 1112 1849 Illyriis
1165 1780 1492 1830 mitteremus
1515 1800 1529 1843 3
1586 1778 1674 1829 sed
1717 1778 1880 1843 nobis,
1924 1793 1986 1831 ut
2023 1780 2104 1831 in-

271 1869 433 1937 telligi
489 1867 660 1933 datur,
708 1868 933 1937 pigriora
986 1880 1107 1918 sunt
1161 1865 1413 1916 flumina.'
1492 1864 1778 1916 Commoto
1835 1865 1937 1916 risu
1993 1884 2105 1917 sero

271 1956 484 2008 tandem
526 1954 650 2006 inde
692 1954 1027 2006 discessimus.

336 2042 585 2093 Proximis
609 2041 809 2110 aliquot
833 2039 1015 2090 diebus
1037 2058 1064 2089 a
1086 2056 1238 2089 mane
1260 2037 1325 2088 ad
1344 2054 1609 2105 vesperam
1632 2037 1900 2088 civitatem'
1921 2036 2103 2089 iisdem

270 2128 487 2179 ducibus
522 2127 808 2190 circumivi,
842 2124 984 2178 haud
1015 2123 1363 2175 iniucundum
1397 2122 1720 2186 exercitium,
1754 2141 1861 2174 non
1893 2136 2002 2174 tam
2035 2122 2104 2174 ob

200 2238 249 2280 50
268 2214 323 2265 id
379 2213 525 2283 quod
581 2227 702 2264 ante
757 2211 931 2262 oculos
989 2224 1116 2275 erat,
1174 2227 1332 2279 quam
1389 2207 1751 2259 recordatione
1805 2222 2104 2263 nostrorum

219 2332 226 2335 —
268 2301 543 2364 maiorum,
598 2300 689 2369 qui
744 2313 852 2350 tam
906 2297 1169 2366 procul‘a
1222 2295 1390 2365 patria
1442 2307 1786 2346 monumenta
1839 2294 2105 2346 Romanae
2164 2318 2166 2320 ’

239 2384 476 2439 ⁸virtutis
506 2400 613 2437 tam
641 2384 860 2436 illustria
887 2383 1230 2453 reliquissent.
1298 2382 1363 2432 In
1389 2381 1566 2449 primis
1595 2394 1770 2431 autem
1797 2379 2105 2433 occurrebat

268 2474 479 2524 Marcus
511 2473 761 2541 Agrippa,
795 2471 1026 2522 coloniae
1060 2470 1194 2520 illius
1232 2482 1430 2532 auctor,
1458 2467 1549 2536 qui
1584 2466 1706 2518 licet
1742 2466 1910 2518 multa
1941 2466 2104 2533 domi,

268 2559 436 2610 multa
478 2559 599 2609 foris
643 2557 901 2626 praeclara
944 2554 1310 2618 construxerit,
1354 2553 1494 2604 illam
1539 2566 1716 2603 tamen
1759 2571 1820 2603 ex
1861 2552 2105 2605 omnibus

205 2660 249 2702 55
269 2645 478 2713 dignam
524 2644 741 2708 censuit,
788 2643 871 2694 cui
914 2659 1065 2693 suum
1110 2659 1303 2691 nomen
1346 2640 1657 2708 imponeret,
1703 2637 2004 2690 aedificator
2046 2658 2105 2692 ac

269 2732 489 2783 bellator
551 2731 799 2799 egregius,
863 2729 1155 2797 dignusque
1215 2726 1441 2790 habitus,
1503 2742 1661 2794 quern
1723 2723 1988 2792 Augustus
2049 2725 2103 2777 in

268 2836 516 2886 generum
546 2837 606 2867 ex
635 2830 751 2867 toto
778 2814 904 2866 orbe
932 2814 1197 2882 deligeret,
1221 2812 1614 2882 qualiscumque
1640 2809 1773 2860 filiae
1800 2810 1988 2875 virum,
2015 2810 2105 2862 sed

270 2904 506 2968 dilectae,
552 2902 642 2954 sed
687 2902 885 2966 unicae,
931 2900 1020 2952 sed
1064 2900 1345 2967 Augustae.
1426 2896 1548 2948 Vidi
1595 2909 1676 2948 tot
1721 2896 1874 2948 simul
1919 2910 2106 2948 trunca

270 2990 432 3049 millia
457 3006 715 3041 sacrarum
742 2988 1004 3055 virginum
1029 3000 1081 3037 et
1107 3000 1297 3037 terram
1322 2983 1576 3052 generosis
1604 2981 1829 3033 dicatam
1858 2982 2104 3051 reliquiis,

202 3091 251 3129 60
274 3096 330 3128 ac
354 3076 688 3144 degenerum,
713 3088 774 3126 ut
798 3075 963 3138 aiunt,
989 3071 1297 3124 cadaverum
1322 3058 1680 3139 expultricem.
1739 3067 1862 3119 Vidi
1885 3054 2112 3137 Capito-¹

272 3165 422 3227 lium,
450 3162 670 3230 effigiem
709 3161 889 3225 nostri,
919 3160 1013 3211 nisi
1050 3157 1193 3228 quod
1230 3177 1325 3227 pro
1360 3169 1541 3209 senatu
1577 3154 1680 3205 illic
1717 3154 1854 3223 pacis
1891 3172 1947 3205 ac
1984 3152 2106 3206 belli

275 3250 482 3304 consilia
506 3250 754 3319 agitante,
778 3248 861 3298 hic
887 3246 1098 3298 formosi
1121 3246 1328 3297 iuvenes
1352 3263 1408 3295 ac
1435 3241 1637 3312 puellae
1661 3241 1869 3293 mixtim
1891 3253 2105 3292 noctur-
