2242 3600
302 177 395 229 166
986 178 1343 232 VRBANO
1397 178 1446 230 V

253 328 264 341 ‚-
296 306 395 372 Sic,
424 326 588 377 fluam
624 308 723 360 tuis
757 308 812 358 in
845 309 1040 377 pascuis
1075 308 1272 378 ubique
1305 308 1552 385 debiliorffl
1575 309 1644 360 sic
1679 322 1769 360 tua
1801 328 1987 379 pascua
2018 309 2128 362 sine

293 411 386 444 suo
412 407 617 463 pastore
643 393 902 461 fragiliora
926 408 1050 446 sunt
1075 413 1280 464 semper
1305 407 1359 446 et
1384 394 1583 446 iniuriis
1611 395 1828 464 aptiora.

362 479 487 530 Non
506 478 712 530 instabo
732 477 970 548 amplius,
989 498 1140 548 spero
1160 479 1299 531 enim
1321 493 1374 531 te
1394 481 1659 532 facturum
1679 494 1869 533 cuncta
1887 479 2126 546 feliciter,

199 576 454 634 20⁰atque
493 563 637 616 istud
675 564 731 615 in
771 564 949 633 primis
992 564 1136 634 quod
1178 579 1454 635 tantopere
1494 566 1731 635 posceriS,
1771 566 1828 630 §i
1853 565 2130 635 vigilanter

295 649 592 714 adverteris,
620 668 685 701 ne
711 668 813 718 qua
842 649 938 701 tibi
966 649 1129 702 divini
1156 651 1381 702 muneris
1408 651 1656 721 subrepat
1683 651 1894 717 oblivio,
1915 651 1974 721 si,
2001 671 2128 704 con·
2203 702 2206 704 .
2236 643 2238 645 .

295 736 463 800 tinuo,
493 749 547 788 te
573 735 901 804 singulariter
936 735 1002 787 ad
1031 735 1130 787 hoc
1167 755 1295 806 opus
1328 751 1652 806 assumptum
1681 756 1785 789 esse
1812 737 2126 790 memineris.

294 822 589 873 Meministi
612 841 752 886 vero,
778 841 883 873 non
908 821 1114 887 dubito,
1140 822 1691 893 expeditissimumque
1714 823 1780 874 ad
1801 841 1958 876 omne
1980 823 2129 894 pium

293 927 421 978 opus
455 909 689 960 animum
720 908 893 960 habes.
963 908 1097 961 Vide
1133 923 1310 960 autern
1342 923 1395 961 et
1430 909 1765 979 vigilantibus
1796 909 1956 962 oculis
1987 928 2129 974 cave,

199 1017 270 1059 205
293 1014 358 1047 ne
389 1014 548 1065 quem
579 995 852 1064 proprium
884 1014 991 1047 non
1021 995 1233 1064 premit,
1266 995 1493 1048 alienum
1524 995 1728 1066 pondus
1760 996 2043 1066 opprimat,
2076 1009 2131 1049 et

293 1100 320 1133 a
348 1094 457 1133 tam
483 1080 690 1149 gloriosi
717 1080 883 1150 operis
911 1082 1218 1135 executione
1244 1081 1533 1151 perpediat.

359 1166 614 1219 Persuade
659 1166 1020 1219 Cardinalibus
1067 1167 1186 1232 tuis,
1229 1167 1341 1219 illos
1387 1168 1527 1220 enim
1570 1168 1666 1219 hac
1709 1169 1764 1220 in
1808 1187 1863 1220 re
1905 1169 2132 1220 maxime

292 1273 489 1319 vereor,
500 1253 708 1305 Italiam
725 1272 830 1305 non
844 1272 947 1305 esse
963 1253 1171 1323 qualem
1183 1253 1280 1323 ipsi
1291 1253 1601 1323 putant‚sed
1615 1273 1736 1320 esse,
1750 1253 1895 1307 nullo
1906 1255 2128 1324 scripto-

294 1359 410 1392 rum
427 1339 709 1392 illustrium
729 1338 1074 1404 discordante,
1088 1340 1345 1409 optimam
1363 1354 1523 1410 atque
1540 1340 1870 1392 clarissimam
1887 1353 1942 1393 et
1961 1341 2129 1396 famo-

199 1455 271 1482 210
292 1428 540 1479 sissimam
582 1426 767 1479 mundi
799 1440 1022 1496 partem,
1057 1445 1176 1491 esse,
1214 1440 1274 1479 ut
1315 1427 1411 1496 ipsi
1454 1441 1716 1479 testantur
1757 1440 1811 1479 et
1850 1440 2132 1480 attestatur

294 1514 498 1579 veritas,
522 1532 681 1565 unam
709 1533 770 1565 ex
791 1512 1032 1565 omnibus
1061 1513 1144 1564 cui
1171 1531 1335 1582 paene
1363 1512 1492 1564 nihil
1519 1513 1639 1564 mali
1667 1513 1818 1579 adsit,
1842 1513 1973 1567 nihil
1997 1513 2133 1566 absit

294 1600 436 1665 boni,
469 1598 628 1651 modo
651 1619 758 1669 pax
787 1618 891 1650 una
921 1618 1027 1650 non
1058 1598 1226 1663 desit3
1279 1618 1411 1668 quae
1441 1598 1612 1651 deesse
1642 1613 1696 1651 te
1724 1612 1995 1669 praesente
2023 1611 2132 1652 non

294 1687 508 1756 poterit.
576 1686 725 1737 Doce
754 1685 865 1737 illos
898 1704 1001 1737 esse
1031 1685 1115 1736 hic
1146 1684 1298 1736 urbes
1330 1685 1665 1737 nobilissimas
1697 1699 1858 1756 atque
1887 1684 2129 1756 pulcher-

295 1773 465 1838 rimaS,
494 1771 682 1843 quibus
710 1772 825 1825 visis
854 1770 1019 1823 fetida
1044 1770 1254 1823 vilescat
1282 1770 1472 1823 Avinio
1503 1771 1808 1841 pudeatque
1839 1790 1947 1824 non
1978 1784 2132 1824 antea

201 1876 271 1918 215
294 1858 529 1924 viluisse3
558 1877 661 1910 esse
687 1877 857 1910 aerem
873 1857 1271 1910 saluberrimum
1294 1871 1454 1928 atque
1477 1858 1616 1910 inter
1641 1858 1800 1927 frigus
1824 1872 2133 1928 aestumque

296 1944 482 1996 eximie
510 1957 864 2014 temperatum
893 1984 905 1995 .
937 1984 948 1996 .
979 1983 991 1996 .
1045 1942 1202 2012 [Some
1222 1944 1414 2019 writers
1434 1943 1560 1995 have
1571 1943 1738 2012 found
1765 1943 1844 1995 the
1862 1962 2032 1996 reason
2043 1943 2135 2013 for

295 2031 487 2082 Rome’s
505 2030 868 2100 pre-eminence
893 2030 947 2081 in
972 2029 1038 2081 its
1062 2027 1302 2098 climata]
1360 2029 1479 2081 Esse
1502 2029 1586 2081 hic
1610 2029 1747 2081 lacus
1772 2029 2132 2099 piscosissimos

296 2131 428 2187 quot
465 2117 704 2187 qualesve
740 2115 881 2168 nulla
917 2115 1057 2184 regio
1094 2129 1204 2167 tam
1238 2134 1399 2185 parvo
1434 2115 1593 2166 habet
1627 2115 1684 2167 in
1717 2115 1903 2185 spati0,
1940 2135 2045 2170 esse
2079 2128 2135 2168 et

294 2201 512 2254 flumina
538 2216 592 2254 et
623 2202 1075 2273 opportunissimis
1102 2200 1319 2253 flexibus
1346 2215 1562 2253 naturae
1588 2201 1802 2253 consilio
1826 2201 1897 2253 sic
1925 2200 2135 2254 diversis

202 2312 274 2340 220
293 2287 418 2340 locis
460 2289 701 2354 errantia,
744 2301 805 2340 ut
847 2287 1029 2340 Italiae
1070 2306 1256 2356 magna
1295 2306 1427 2357 pars,
1470 2287 1683 2356 Liguria
1723 2301 1777 2339 et
1816 2287 2036 2339 Venetia
2079 2300 2134 2340 et

297 2374 519 2426 Aemilia
550 2388 710 2445 atque
743 2374 996 2426 Flaminia
1026 2374 1112 2426 vix
1137 2374 1392 2443 insignem
1421 2374 1598 2426 locum
1630 2373 1876 2439 habeant,
1900 2373 1992 2443 qui
2027 2390 2135 2426 non

298 2481 325 2512 a
366 2461 668 2531 quiescente
703 2461 847 2531 aquis
888 2460 1298 2530 obsequentibus
1345 2459 1578 2512 adeatur.
1646 2459 1765 2511 Esse
1808 2459 1865 2511 in
1909 2459 2134 2512 circuitu

297 2547 566 2616 geminum
594 2565 735 2599 mare
760 2545 950 2598 crebris
977 2546 1233 2616 portubus
1262 2559 1315 2598 et
1342 2545 1599 2598 nobilium
1626 2545 1838 2597 urbium
1864 2564 2055 2597 corona
2080 2558 2135 2597 et

297 2634 354 2685 in
386 2647 675 2703 utrumque
708 2632 1101 2684 decurrentium
1134 2632 1416 2685 fluviorum
1447 2630 1683 2684 faucibus
1713 2631 1932 2707 insigne,
1965 2631 2041 2683 ita
2073 2643 2136 2684 ut

206 2743 277 2785 225
300 2719 451 2772 undis
483 2719 605 2771 hinc
634 2719 788 2791 salsiS‚
822 2719 943 2770 hinc
970 2718 1213 2793 ‚dulcibus
1247 2718 1398 2771 Italia
1429 2719 1593 2770 ferme
1624 2718 1791 2771 omnis
1821 2717 1930 2770 sine
1959 2716 2138 2770 labore

300 2805 626 2877 permeabilis
660 2819 820 2876 atque
853 2824 1068 2858 amoena
1101 2806 1183 2858 sit.
1252 2806 1387 2870 Esse,
1422 2804 1514 2857 ubi
1548 2803 1736 2856 desunt
1769 2803 1946 2869 maria,
1979 2802 2135 2873 Alpes
2162 2834 2164 2837 -

301 2892 456 2944 aerias
507 2891 775 2944 barbarico
823 2892 1083 2961 oppositas
1131 2891 1312 2944 furori.
1395 2891 1514 2943 Esse
1562 2909 1654 2961 per
1701 2889 1935 2942 medium
1982 2888 2135 2942 colles

300 2977 668 3031 virentissimos
714 2991 767 3030 et
813 2978 1004 3047 apricas
1049 2977 1201 3030 valles
1246 2990 1301 3030 et
1344 2995 1550 3046 campos
1595 2976 1901 3042 uberrimos,
1945 2989 1999 3028 et
2043 2975 2136 3046 qui

303 3065 512 3117 Italiam
531 3082 689 3134 quam
707 3064 862 3133 longa
881 3077 957 3117 est
975 3063 1165 3116 silvosis
1185 3063 1315 3133 iugis
1333 3063 1627 3128 intersecat,
1647 3076 1852 3133 patrem
1871 3061 2135 3115 montium

209 3173 280 3210 230
303 3151 662 3223 Apenninum,
696 3150 873 3203 nitidis
907 3150 1029 3203 hinc
1067 3150 1210 3202 illinc
1251 3149 1486 3202 amnibus
1526 3148 1799 3219 gravidum
1831 3162 1886 3201 et
1917 3148 2135 3201 laticum

303 3238 554 3294 varietate
581 3237 790 3303 salubri,
819 3239 989 3290 fontes
1017 3236 1211 3307 gelidos
1241 3250 1601 3307 tepentesque‚
1629 3235 1759 3288 sanis
1788 3233 2135 3300 delectabileS,
