2242 3600
313 173 406 239 198
828 169 1108 221 LVCAE
1167 170 1273 221 DE
1327 169 1619 223 PENNA

305 315 409 350 esse
438 296 641 362 vellem,
673 315 762 349 seu
793 296 913 363 fide,
946 315 1104 367 quam
1137 310 1314 350 tamen
1345 316 1490 371 nosse
1519 296 1755 350 nondum
1786 310 2012 367 poterat,
2039 296 2133 351 sed

304 383 359 435 in
403 385 578 436 fronte
622 402 735 435 eam
777 382 986 452 lynceus
1030 384 1110 436 vir
1151 383 1373 453 legebat,
1417 402 1506 435 seu
1550 383 1759 452 ingenio
1799 402 1892 436 seu
1913 383 2132 453 ‘vulgari

306 468 590 522 delectatus
631 469 750 522 stilo
791 488 925 534 meo,
965 470 1021 522 in
1060 488 1166 540 quo
1207 483 1334 522 tunc
1382 468 1679 522 iuveniliter
1718 468 1913 524 multus
1939 453 2094 525 'eram
2115 489 2153 534 3·

305 555 453 627 parui
492 555 773 625 atqueivi.
850 555 899 607 O
934 569 1140 625 tempus
1179 555 1438 619 rabidum,
1472 556 1629 623 fugax
1665 554 1791 620 vita,
1825 567 2039 625 quartus
2079 567 2134 606 et

214 658 284 701 115
305 641 721 710 quadragesimus
754 660 915 693 annus
947 654 1023 693 est
1047 643 1058 694 !
1114 642 1415 715 „Nunquam
1445 654 1579 711 puto
1607 639 1792 706 laetior
1822 639 2138 708 aesxasjuik

306 727 552 779 Reversus
593 726 733 791 inde,
775 745 859 778 me
897 727 953 778 in
991 726 1399 779 familiaritatem
1439 726 1685 796 perduxit
1725 724 2136 779 reverendissimi
2195 794 2203 798 ⁴
2239 787 2242 798 Ξ

305 813 475 864 fratris
495 813 573 864 sui
595 812 857 877 IohanniS,
878 832 1032 883 supra
1052 831 1251 864 morem
1272 811 1631 864 Cardinalium
1650 811 1747 864 viri
1767 811 1956 881 optimi
1976 808 2141 881 atque?
2182 795 2228 842 ³⁷

305 898 731 963 innocentissimi,
760 900 1089 969 fratrumque
1117 898 1372 963 omnium,
1402 898 1469 950 ad
1496 912 1790 950 extremum
1818 896 2137 966 magnanimi

305 985 435 1037 senis
472 985 631 1054 patris
670 983 939 1055 Stephani,
979 985 1043 1036 de
1080 1003 1186 1055 quo
1223 999 1284 1037 ut
1322 984 1386 1036 de
1423 984 1740 1053 Carthagine
1777 983 1850 1035 ait
1887 982 2134 1053 Crispus:

216 1072 321 1116 120‘
346 1070 504 1123 Silere
545 1071 724 1125 melius
766 1085 899 1141 puto
935 1090 1093 1142 quam
1128 1090 1313 1141 parum
1351 1071 1554 1123 dicere'
1601 1110 1612 1123 .
1657 1110 1670 1123 .
1714 1110 1726 1122 .
1792 1068 1897 1139 [He
1929 1068 2139 1121 lamenta·

310 1157 585 1210 Giacomo's
607 1158 744 1227 early
770 1156 960 1228 death]
1504 1208 1506 1210 .
1861 1208 1864 1210 .

375 1244 533 1296 Nunc
556 1243 621 1295 ad
633 1244 951 1309 *Ciceronem
973 1243 1144 1296 rede0.
1203 1244 1391 1313 Itaque
1412 1243 1514 1294 iam
1538 1240 1746 1312 aliquali
1766 1242 1905 1294 fama
1923 1241 2136 1311 ingenii,

306 1329 429 1382 falsa
466 1329 607 1395 licet,
647 1330 738 1383 sed
778 1330 948 1383 multo
988 1330 1211 1382 maxime
1250 1332 1425 1382 favore
1465 1329 1701 1398 cognitus
1743 1327 1928 1380 talium
1968 1326 2136 1380 domi-

310 1434 515 1481 norum,
551 1417 709 1468 varias
747 1416 995 1468 amicitias
1031 1435 1123 1485 per
1159 1415 1355 1468 diversa
1390 1427 1764 1478 contraxeram,
1801 1411 1946 1483 quod
1979 1429 2139 1465 essem
2202 1476 2205 1478 Ι

217 1519 287 1563 125
310 1503 365 1555 in
385 1502 506 1555 loco
533 1502 598 1554 ad
625 1521 783 1572 quem
805 1502 952 1554 fieret
975 1522 1036 1553 ex
1057 1503 1201 1554 omni
1223 1502 1431 1570 regione
1452 1518 1745 1553 concursus·
1774 1507 1778 1511 ’
1807 1497 2139 1571 Abeuntibus

310 1589 525 1641 demum
567 1589 758 1654 amicis,
804 1602 856 1641 et
899 1603 960 1641 ut
1002 1589 1063 1641 fit
1106 1588 1426 1658 petentibuS,
1470 1585 1732 1656 numquid
1774 1605 1802 1638 e
1842 1584 2011 1655 patria
2049 1603 2140 1638 sua

308 1675 512 1740 vellem,
544 1674 920 1745 respondebam
951 1674 1082 1733 nihil
1111 1688 1316 1744 praeter
1344 1673 1501 1725 libros
1533 1671 1807 1740 Ciceronis
1828 1677 1950 1724 ante
1978 1670 2139 1735 alios3

311 1761 498 1813 dabam
523 1760 858 1826 memorialia,
883 1761 1182 1830 scriptoque
1206 1773 1259 1811 et
1282 1758 1448 1812 verbis
1472 1757 1747 1810 instabam.
1807 1757 1876 1809 Et
1899 1756 2140 1827 quotiens

310 1849 460 1918 putas
493 1866 685 1917 preceS,
719 1847 959 1916 quotiens
991 1845 1430 1916 pecuniam'misi,
1464 1863 1570 1896 non
1600 1842 1931 1913 per‘Italiam
1963 1841 2147 1912 modo,

219 1955 290 1997 130
311 1933 403 1986 ubi
439 1952 579 1985 eram
615 1934 806 1998 notior,
832 1933 922 1985 sed
959 1952 1052 2002 per
1093 1932 1285 1984 Gallias
1323 1946 1482 2001 atque
1517 1930 1857 1983 Germaniam
1893 1942 1946 1982 et
1977 1948 2141 1999 usque

313 2020 378 2072 ad
417 2020 687 2089 Hispanias
729 2033 888 2089 atque
926 2019 1282 2082 Britanniam3
1350 2018 1518 2069 dicam
1555 2016 1700 2087 quod
1738 2016 1952 2081 mireris,
1993 2029 2046 2068 et
2085 2016 2142 2068 in

313 2106 587 2158 Graeciam
654 2105 785 2170 misi,
844 2118 896 2157 et
963 2104 1103 2157 unde
1169 2104 1478 2156 Ciceronem
1546 2101 1937 2172 exspectabam,
1980 2100 2142 2154 habui
2225 2104 2237 2120 “’

312 2192 623 2257 Homerum,
657 2193 853 2262 quique
885 2191 1112 2244 Graecus
1147 2191 1211 2244 ad
1243 2210 1327 2242 me
1357 2190 1518 2254 venit,
1552 2207 1665 2248 mea
1697 2201 1880 2258 operet
1904 2187 2210 2263 impensas&

312 2279 477 2330 factus
503 2292 577 2329 est
600 2277 835 2342 Latinus,
861 2291 913 2330 et
936 2296 1074 2329 nunc
1096 2278 1234 2329 inter
1256 2276 1470 2328 Latinos
1492 2274 1666 2326 volens
1690 2291 1897 2326 mecum
1917 2271 2140 2325 habitat.
2240 2279 2242 2281 ’

221 2383 294 2424 ¹35
313 2365 382 2416 Et
409 2364 537 2434 quid
564 2364 662 2416 tibi
687 2364 792 2417 vis?
833 2363 1035 2415 ‘Labor
1061 2364 1235 2415 omnia
1261 2363 1423 2415 vincit
1449 2360 1748 2431 improbus'
1771 2359 1945 2430 inquit
1966 2359 2139 2419 Maro.

315 2450 496 2502 Multo
529 2450 704 2502 studio
739 2449 1011 2519 multaque
1046 2468 1184 2514 cura,
1221 2448 1388 2500 multa
1421 2447 1656 2516 undique
1689 2465 1846 2516 parva
1877 2445 2143 2499 volumina

314 2536 569 2605 recollegi,
607 2536 696 2589 sed
731 2555 881 2606 saepe
917 2534 1298 2605 multiplicata3
1358 2552 1538 2586 eorum
1573 2551 1713 2598 vem,
1751 2551 1885 2602 quae
1921 2527 2156 2584 maxime*
2239 2530 2242 2534 ⁴

315 2622 563 2692 optabam
603 2641 717 2674 raro
757 2621 969 2692 aliquid,
1009 2622 1084 2673 ita
1122 2635 1182 2673 ut
1222 2620 1366 2691 quod
1403 2619 1640 2671 humanis
1678 2619 1735 2670 in
1771 2618 1922 2671 rebus
1961 2617 2143 2670 crebro

316 2708 522 2773 accidit,
561 2709 727 2760 multa
763 2709 891 2759 mihi
929 2708 1168 2760 deforent
1213 2707 1379 2759 multa
1421 2705 1814 2775 superfluerent.
1887 2703 2144 2757 Nondum

225 2817 295 2853 140
316 2814 435 2847 sane
483 2809 781 2846 sanctorum
829 2794 985 2846 libros
1037 2796 1311 2863 attigeram
1362 2806 1414 2844 et
1465 2811 1635 2843 errore
1684 2809 1862 2844 caecus
1911 2804 1965 2843 et
2015 2804 2144 2860 typo

321 2882 552 2935 tumidus
600 2882 798 2933 aetatis.
882 2881 973 2932 Nil
1020 2881 1149 2931 mihi
1184 2882 1292 2932 fere
1338 2879 1433 2931 nisi
1480 2898 1612 2930 unus
1659 2877 1867 2947 Cicero·
1890 2877 2143 2949 sapiebat,

318 2968 594 3038 praecipue
612 2987 673 3019 ex
690 2986 795 3037 quo
814 2966 1127 3026 Quintiliani
1142 2967 1176 3017 I
1177 2966 1488 3018 nstitutiones
1507 2964 1771 3016 Oratorias
1783 2963 1902 3032 legi,
1921 2980 2143 3033 quarum

320 3053 549 3125 quodam
597 3053 713 3106 loco
761 3053 885 3105 haec
930 3052 1082 3123 plane
1131 3051 1389 3104 sententia
1439 3070 1527 3103 sua
1577 3063 1688 3115 est3
1742 3067 1862 3102 nam
1912 3062 1965 3102 et
2008 3048 2146 3123 liber

321 3139 465 3193 abest
499 3154 552 3192 et
584 3139 740 3193 verba
773 3158 879 3191 non
913 3152 1082 3191 teneo,
1153 3139 1166 3162 ⁶
1189 3138 1330 3189 Bene
1363 3136 1427 3188 de
1457 3156 1510 3188 se
1541 3149 1730 3206 speret,
1763 3135 1994 3206 quisquis
2026 3134 2144 3199 erit,

229 3247 299 3290 145
323 3227 406 3279 cui
431 3225 580 3279 valde
606 3225 790 3278 Cicero
816 3224 1078 3295 placebit.’
1151 3223 1218 3276 Et
1244 3223 1342 3276 hoc
1369 3223 1424 3276 in
1451 3241 1512 3275 eo
1536 3222 1671 3276 libro
1697 3221 1843 3288 dicit,
1868 3221 1923 3274 in
1948 3239 2055 3292 quo
2080 3219 2146 3273 de

1368 3404 1393 3427 Ο
