2242 3600
243 173 823 238 TALARANDO,
886 172 1380 227 ALBANENSI
1445 136 1864 226 EPISCOPO
1935 193 2023 246 141

186 305 307 356 navi
346 302 472 355 duos
513 302 885 372 compatriotas
921 319 1080 366 111003,
1112 314 1166 353 et
1205 302 1246 353 si
1274 315 1425 354 tanto
1456 301 1629 354 officio
1659 321 1752 372 par
1783 303 2030 368 credituS,

185 390 468 442 extimator
520 388 739 440 aliorum
792 387 976 456 dignus
1027 405 1253 452 censeor,
1295 401 1371 439 est
1410 401 1635 457 uterque
1687 387 2029 457 dignissimus

185 476 296 545 Ego
336 489 531 540 tamen,
565 475 656 544 qui
696 474 945 526 effectum
985 474 1058 525 rei
1097 473 1318 525 celerem
1360 494 1417 526 ac
1456 474 1663 535 felicem
1703 475 1876 544 cupi0,
1910 494 2031 547 {iam

184 576 474 632 utrumque
511 561 700 613 litteris
753 561 877 612 meis
930 561 1151 630 experiri
1197 561 1357 625 volui,
1408 574 1462 613 et
1514 561 1660 631 quod
1710 561 2032 615 vaticinabar

184 650 370 720 reperi.
445 648 595 700 Alter
633 666 910 699 onerosum
948 647 1147 717 respuit
1186 647 1458 713 honorem,
1499 647 1630 700 alter
1666 649 1707 701 si
1745 650 2032 719 requiritur
2054 660 2105 698 80

184 749 392 806 praesto
423 749 516 787 est.
581 734 808 788 Vbinam
839 752 963 786 vero
992 734 1059 785 sit
1087 733 1416 803 quaerendus
1447 748 1501 786 et
1537 734 1802 805 quidquid
1832 736 1888 787 in
1919 754 2030 787 rem

184 837 280 888 est,
324 837 444 875 tuus
486 822 572 873 hic
613 820 830 873 nuntius
873 820 1038 873 novit.
1116 819 1235 871 Hoc
1277 834 1574 873 extremum
1616 822 1786 891 Papae
1827 821 2027 874 dicito:

183 911 223 962 si
244 909 386 962 hunc
406 907 593 978 habet,
608 925 693 958 me
714 905 930 976 quidem
952 920 1006 958 et
1028 905 1291 976 quidquid
1313 926 1375 958 ex
1397 925 1481 959 me
1503 908 1787 978 quaerebat
1809 908 2030 979 plusque

183 994 382 1065 aliquid
407 993 684 1047 invenerit.
747 994 862 1046 Vna
888 1007 965 1044 est
993 993 1179 1062 patria,
1207 1012 1375 1045 unum
1403 1013 1614 1059 nomen,
1642 991 1775 1047 u‘nus
1810 996 2029 1060 animus,

182 1100 350 1134 unum
383 1063 684 1150 ingenium,⁹
706 1098 837 1131 unus
869 1079 1035 1144 stilus,
1067 1080 1177 1132 vita
1206 1079 1293 1131 illa
1325 1080 1510 1132 clarior
1540 1096 1595 1133 et
1625 1081 1918 1133 sacerdotio
1948 1083 2027 1134 in·
2053 1095 2102 1145 85

179 1169 350 1238 signis,
411 1167 556 1231 Vale,
584 1166 840 1218 Ecclesiae
867 1166 1021 1218 decus
1049 1186 1105 1218 ac
1133 1180 1388 1219 nostrum.
1450 1167 1602 1237 [1361
1634 1187 1692 1220 or
1724 1167 1894 1239 1362]

590 1379 844 1439 Iohanni
872 1379 940 1439 de
973 1378 1261 1439 CertaldO.
1333 1345 1459 1440 Sen.
1493 1381 1530 1440 i.
1564 1397 1618 1459 5.

334 1511 559 1571 AGNIS
591 1536 676 1569 me
705 1517 949 1569 monstris
980 1515 1239 1586 implevit,
1271 1518 1449 1583 frater,
1480 1518 1699 1588 epistola
1730 1533 1837 1586 tua,
1869 1539 2028 1591 quam

335 1605 465 1658 dum
493 1604 739 1673 legerem,
771 1618 956 1674 stupor
987 1604 1167 1671 ingens
1199 1622 1321 1656 cum
1351 1605 1554 1673 ingenti
1588 1612 1824 1658 moerore
1860 1622 2027 1661 certa-

181 1692 290 1744 bat.
363 1692 599 1760 Vterque
642 1690 789 1755 abiit,
829 1689 956 1741 dum
992 1689 1243 1758 legissem.
1315 1690 1519 1750 Quibus
1558 1693 1698 1744 enim
1734 1693 1894 1746 oculis
1932 1696 2026 1748 nisi

179 1778 522 1832 humentibus
579 1791 790 1829 tuarum
845 1776 1178 1828 lacrimarum
1232 1777 1419 1848 tuique
1475 1792 1584 1830 tam
1643 1779 1800 1832 vicini
1850 1780 2024 1834 obitus

181 1866 507 1918 mentionem
545 1863 718 1932 legere
758 1863 929 1933 potui,
972 1881 1146 1915 rerum
1188 1864 1384 1915 nescius
1426 1865 1643 1917 omnino
1682 1865 1905 1937 solisque
1944 1868 2024 1920 in·
2048 1886 2098 1928 5v

180 1953 324 2005 hians
358 1950 525 2004 verbis
555 1954 571 2003 ?
611 1991 622 2003 .
659 1991 671 2002 .
709 1991 720 2002 .
785 1948 884 2019 [As
912 1962 955 2001 to
981 1949 1086 2002 P.’s
1116 1950 1317 2018 leaving
1341 1951 1483 2021 Italy
1500 1952 1591 2020 sor
1616 1952 1885 2023 Germany,
1914 1955 2025 2025 only

180 2059 212 2091 a
239 2039 372 2097 short
397 2039 522 2090 visit
552 2051 596 2090 to
626 2038 705 2092 the
732 2039 971 2107 Emperor
994 2036 1096 2088 had
1122 2036 1237 2088 been
1265 2038 1514 2103 intended,
1537 2039 1639 2091 and
1667 2039 1746 2091 the
1772 2059 1902 2093 wars
1925 2042 2028 2094 had

175 2123 446 2196 prevented
479 2142 600 2176 even
635 2122 786 2193 that.]
856 2121 1044 2174 Scribis
1080 2123 1257 2194 nescio
1292 2142 1466 2194 quem„
1492 2125 1708 2178 Petrum
1745 2125 2045 2202 Senensems

180 2213 365 2284 patria,
384 2210 633 2280 religione
652 2210 841 2279 insigni
857 2223 911 2262 et
927 2211 1414 2282 ΝΛ1111130111131113111)οτ
1434 2214 1632 2266 clarum
1648 2215 1837 2281 virum,
1856 2235 2024 2287 nuper

180 2299 486 2363 obeuntem,
526 2297 694 2350 multa
733 2296 798 2348 de
835 2295 1034 2361 multiS‚
1069 2297 1209 2349 inter
1250 2316 1379 2368 quos
1423 2298 1488 2351 de
1521 2314 1750 2371 utroque
1785 2316 2022 2355 nostrum
2049 2324 2094 2354 1ο

181 2386 354 2456 aliqua
382 2384 709 2455 praedixisse,
738 2383 899 2454 idque
936 2383 1036 2436 tibi
1063 2403 1157 2454 per
1180 2375 1492 2458 quemdam,
1524 2387 1608 2439 cui
1636 2388 1735 2440 hoc
1763 2388 1850 2441 ille
1876 2409 2021 2442 com-

180 2473 390 2524 miserat
427 2471 733 2524 nuntiatum
770 2511 782 2523 .
825 2511 837 2523 .
877 2511 889 2523 .
968 2468 1051 2539 [P.
1084 2470 1191 2523 will
1225 2471 1280 2523 be
1317 2471 1479 2525 better.
1508 2473 1616 2526 able
1654 2487 1698 2526 to
1737 2477 2022 2546 appreciate

182 2559 261 2612 the
291 2559 438 2611 value
468 2558 526 2628 of
549 2558 628 2610 the
653 2557 918 2628 prophecy,
940 2557 1080 2609 when
1106 2557 1165 2609 he
1192 2557 1283 2610 has
1306 2578 1416 2611 seen
1445 2559 1524 2611 the
1550 2562 1854 2633 messenger.]
1910 2564 2019 2616 Nos

180 2645 308 2698 duos
341 2643 569 2714 aliosque
601 2643 877 2696 nonnullos
906 2662 968 2695 ex
994 2643 1090 2695 hac
1117 2645 1225 2697 vita
1253 2644 1566 2698 descendens
1592 2646 1680 2699 ille
1705 2649 1784 2701 vir
1813 2664 2018 2703 sanctus

178 2731 331 2796 vidit,
359 2730 426 2783 ad
451 2749 579 2801 quos
608 2730 868 2802 quaedam
896 2730 1172 2783 secretiora
1194 2732 1555 2786 committeret
1578 2734 1701 2788 huic
1723 2754 1844 2788 suae
1866 2737 2017 2790 huius
2043 2762 2089 2801 ¹5

179 2818 324 2870 modi
356 2817 572 2870 ultimae
602 2816 886 2870 voluntatis
919 2818 1204 2883 executori,
1229 2818 1489 2872 industrio
1521 2835 1582 2873 ut
1615 2834 1675 2874 tu
1709 2824 1924 2877 extimas
1961 2844 2018 2877 ac

179 2904 321 2957 fideli
343 2925 356 2969 3
394 2904 537 2969 haec,
567 2904 621 2955 ni
647 2902 814 2968 fallor,
841 2903 1086 2956 historiae
1109 2923 1311 2958 summa
1337 2920 1430 2959 est.

158 2998 161 3000 ’
246 2991 500 3044 Ceterum
531 2989 663 3060 quid
694 3009 757 3041 ex
788 2989 887 3041 hoc
921 2989 1005 3042 alii
1037 2990 1298 3045 audierint
1329 2993 1385 3045 in
1418 2993 1580 3046 dubio
1613 3009 1725 3060 est3
1781 3010 1840 3049 tu
1873 2999 2019 3068 quod

178 3078 246 3131 ad
288 3091 487 3130 statum
533 3090 687 3129 tuum
732 3077 943 3141 attinet,
990 3075 1097 3130 duo
1140 3078 1266 3130 haec
1313 3081 1456 3148 (nam
1501 3094 1672 3135 cetera
1715 3085 2015 3154 supprimis)

179 3164 386 3216 audisti.
454 3163 608 3215 Vitae
641 3177 762 3215 tuae
795 3163 1081 3216 terminum
1112 3164 1320 3231 instare,
1355 3186 1749 3239 paucorumque
1781 3170 1879 3222 tibi
1911 3172 2015 3224 iam
2038 3192 2088 3220 20

180 3267 386 3325 tempus
436 3269 692 3304 annorum
739 3269 1014 3320 superesse.
1099 3251 1220 3304 Hoc
1265 3254 1496 3323 primum
1546 3255 1659 3309 tibi.
1745 3257 2014 3314 Praeterea
