2242 3600
292 189 380 237 182
502 183 854 236 HVGONI
913 183 1022 234 DE
1076 182 1429 235 SANCTO
1483 182 1917 236 SEVERINO

283 314 339 364 in
371 311 572 363 senium
604 311 919 374 comitatur;
975 324 1027 362 et
1062 310 1145 362 hic
1178 310 1393 381 quidem
1426 310 1735 377 adolescenS,
1763 311 1889 364 boni
1920 310 2116 381 ingenii

283 415 530 467 raraeque
569 396 774 461 indolis,
817 395 1107 463 adolescens
1150 410 1344 461 tamen,
1387 396 1564 449 multis
1606 396 1671 448 de
1712 416 1855 449 more
1895 395 2116 450 consiliis

283 482 505 551 agitatis,
535 481 757 534 nobilius
784 481 850 533 ad
876 496 1171 534 extremum
1198 482 1466 552 praetulit,
1494 496 1547 534 et
1575 483 1824 552 quoniam
1851 482 1926 535 ire
1953 483 2116 534 fixum

282 582 410 633 erat,
440 587 545 619 non
573 568 667 620 alia
694 587 853 638 quam
882 568 1111 620 discendi
1138 568 1447 639 cupiditate,
1475 569 1789 638 peregrinari
1816 568 1988 637 elegit.
2051 568 2117 620 In

216 682 265 711 ιο
281 652 462 724 primis
485 668 662 706 autem
685 655 884 707 litteras
908 654 1130 719 „Graecas
1154 654 1281 719 sitit,
1306 668 1360 706 et
1384 654 1540 707 senile
1563 654 1779 707 Catonis
1803 653 2117 706 desiderium

281 739 498 792 vixdum
534 740 697 810 pubes
734 740 1004 810 anticipat.
1090 741 1248 792 Hunc
1274 761 1384 817 ggo
1422 742 1684 810 impetum
1724 743 1828 793 iam
1866 759 1959 810 per
1997 739 2121 792 anni

282 826 510 895 spatium
546 845 652 878 non
686 826 794 879 sine
826 826 1038 895 ingenio
1071 841 1124 878 et
1158 826 1335 878 labore
1369 810 1640 894 continuO,
1677 845 1826 896 saepe
1860 825 2118 896 precibus,

281 911 551 964 interdum
586 912 780 981 iurgiis,
819 912 1096 965 ostendens
1131 912 1474 983 ingerensque
1510 912 1687 978 oculis,
1726 925 1987 982 quantum
2023 910 2121 967 sibi

282 999 592 1050 Latinarum
632 1018 772 1050 nunc
811 998 970 1050 etiam
1007 998 1304 1051 litterarum
1345 999 1493 1063 desit,
1535 998 1867 1051 difficultates
1906 987 2120 1068 quoque

214 1116 262 1158 15
283 1103 456 1136 rerum
477 1084 636 1136 varias
657 1104 714 1136 ac
735 1084 964 1154 pericula
985 1103 1304 1149 coacervans,
1323 1084 1512 1154 quibus
1538 1083 1820 1137 iuvenilem
1842 1083 2121 1154 temperari

283 1189 429 1239 posse
455 1170 604 1222 rebar
631 1170 888 1235 ardorem,
916 1170 1237 1240 praesertim,
1265 1190 1327 1221 ex
1359 1189 1465 1240 quo
1490 1170 1648 1222 semel
1681 1166 2122 1239 digressuslbrevi,

284 1270 345 1307 ut
382 1255 480 1307 sibi
518 1256 892 1325 praedixeram,
929 1270 1150 1324 cogente
1189 1257 1492 1308 necessitate
1527 1255 1767 1308 redierat.
1843 1256 1913 1307 Et
1948 1253 2122 1325 plane,

286 1341 414 1394 dum
461 1342 890 1412 peregrinationis
929 1342 1185 1395 infaustae
1224 1343 1474 1394 memoria
1512 1361 1686 1394 recens
1725 1343 1847 1407 fuit,
1886 1341 2124 1395 substitit

286 1418 567 1498 parumper
594 1442 647 1480 et
669 1447 815 1498 spem
843 1427 990 1480 dedit
1017 1448 1163 1499 posse
1190 1428 1424 1480 animum
1452 1428 1575 1496 regi.

215 1551 266 1580 20
357 1515 514 1566 Nunc
558 1515 791 1580 tandem,
832 1528 894 1568 ut
937 1515 1015 1580 fit,
1058 1534 1164 1566 non
1202 1514 1355 1583 longa
1395 1515 1572 1585 requie
1610 1514 1849 1566 laborum
1888 1515 2126 1590 omnium

286 1601 545 1671 subrepsit
577 1601 786 1653 oblivio.
855 1603 935 1653 En
965 1602 1159 1653 iterum
1190 1604 1360 1653 frenos
1393 1601 1618 1666 mordet,
1652 1621 1745 1653 nec
1777 1601 1879 1652 iam
1911 1600 2015 1653 ulla
2044 1601 2127 1654 vel

290 1688 340 1739 vi
371 1687 452 1740 vel
485 1702 595 1740 arte
627 1688 885 1757 compesci
917 1701 1109 1757 potest,
1134 1686 1225 1739 sed
1256 1686 1461 1740 ardenti
1494 1687 1664 1739 nescio
1696 1706 1760 1740 an
1791 1685 2042 1757 prudenti
2072 1699 2128 1739 et

288 1773 461 1826 sobrio
494 1773 723 1825 discendi
757 1773 1027 1838 desideriO,
1062 1773 1266 1825 dimissa
1298 1773 1466 1843 patria
1501 1773 1780 1843 amicisque
1812 1786 1865 1825 et
1893 1773 2128 1842 cognatis

291 1874 345 1912 et
362 1879 563 1927 ‚annoso
595 1874 743 1930 patre
764 1874 822 1924 et
854 1879 954 1926 me,
980 1879 1139 1930 quem
1171 1874 1233 1912 ut
1265 1874 1469 1929 patrem
1503 1859 1690 1928 diligit,
1716 1873 1769 1912 et
1800 1878 1959 1930 quem
1990 1859 2129 1930 patri

221 1976 270 2018 25
292 1945 476 1998 saltem
533 1946 924 1998 conversatione
979 1945 1315 2016 praetulerat,
1373 1945 1437 1997 ad
1495 1959 1548 1997 te
1601 1944 1710 1997 solo
1764 1944 1861 1997 sibi
1917 1945 2130 1998 nomine

292 2033 565 2102 cognitum
613 2033 840 2085 festinat.
923 2032 1315 2084 Neu-forsitan
1364 2031 1578 2097 mireris,
1624 2031 1784 2084 habet
1834 2031 1932 2084 is'ta
1981 2051 2129 2102 prae-

293 2119 534 2189 cipitatio
567 2119 779 2171 rationis
806 2118 998 2183 velum,
1027 2137 1148 2172 cum
1182 2119 1322 2170 enim
1356 2118 1587 2188 primum
1619 2117 1694 2169 illi
1718 2118 1917 2170 animus
1950 2118 2131 2170 fuisset

295 2219 439 2258 recto
457 2205 583 2258 calle
596 2205 1119 2281 §onstantinopolim
1137 2205 1393 2275 proficisci
1411 2225 1425 2269 3
1458 2204 1672 2256 edoctus
1691 2223 1718 2255 a
1735 2223 1836 2270 me,
1854 2204 2130 2257 Graeciam

294 2307 356 2345 ut
389 2292 514 2345 olim
550 2278 872 2357 ditissimam,
905 2292 975 2344 sic
1010 2311 1150 2344 nunc
1183 2292 1349 2343 omnis
1381 2290 1535 2360 longe
1567 2291 1779 2360 inopem
1814 2289 2130 2360 disciplinae,

223 2411 276 2451 30
296 2379 396 2431 hoc
421 2397 528 2430 uno
553 2378 682 2429 mihi
706 2377 924 2443 credito,
954 2397 1060 2429 non
1084 2377 1258 2429 omisit
1285 2377 1386 2429 iter
1409 2377 1755 2446 propositum,
1779 2376 1870 2428 sed
1891 2375 2131 2441 inflexit-3

297 2483 524 2535 cumque
563 2484 625 2516 ex
661 2483 744 2515 me
783 2483 933 2534 saepe
968 2463 1191 2515 audisset
1227 2463 1427 2533 aliquot
1467 2463 1657 2515 Graiae
1694 2463 1900 2532 linguae
1939 2462 2131 2516 doctis-

298 2552 451 2604 simos
492 2550 725 2602 homines
768 2564 941 2602 nostra
982 2564 1152 2602 aetate
1193 2549 1487 2602 Calabriam
1526 2549 1778 2614 habuisse,
1821 2549 2132 2601 nominatim

304 2637 449 2701 duos,
485 2636 717 2688 Barlaam
745 2636 1078 2701 monachum,
1107 2655 1163 2687 ac
1190 2636 1423 2687 Leonem
1454 2654 1542 2687 seu
1575 2635 1879 2701 Leontium,
1908 2653 2133 2708 quorum

301 2738 524 2793 uterque
562 2723 690 2774 mihi
728 2721 1101 2792 perfamiliaris,
1141 2722 1336 2792 primus
1375 2721 1533 2773 etiam
1574 2735 1626 2773 et
1665 2721 1908 2790 magister
1943 2723 2133 2786 fuerat,

228 2843 286 2885 35
303 2809 707 2880 profecissetque
767 2808 965 2878 aliquid
1023 2810 1254 2872 fortasse,
1305 2808 1358 2859 ni
1419 2825 1554 2859 mors
1615 2806 1899 2872 invidisset,
1946 2806 2134 2859 statuit

303 2894 585 2947 Calabrum
619 2893 741 2946 litus
777 2893 994 2946 invisere
1029 2907 1082 2945 et
1119 2893 1300 2945 Italiae
1335 2892 1538 2963 plagam
1574 2892 1734 2958 illam,
1770 2912 1904 2963 quae
1938 2893 2136 2962 Magna

306 2981 431 3033 olim
463 2980 682 3033 Graecia
719 2980 858 3031 dicta
890 2994 997 3044 est;
1041 2998 1162 3031 cum
1198 2978 1395 3049 ubique
1426 2993 1603 3031 autem
1638 2993 1690 3031 te
1725 2992 1999 3049 potentem
2029 2978 2136 3032 illic

307 3067 729 3138 potentissimum
770 3085 875 3117 non
914 3066 1170 3134 ignorans,
1203 3066 1327 3118 meis
1365 3065 1551 3118 litteris
1591 3065 1945 3118 commendari
1982 3078 2134 3136 opta-

308 3155 404 3219 vit,
444 3172 568 3223 quas
608 3151 749 3223 apud
801 3166 869 3217 te,
912 3171 1006 3204 nec
1045 3151 1261 3217 fallitur,
1300 3150 1527 3204 efficaces
1566 3166 1758 3222 sperat,
1799 3151 1957 3205 annui
1994 3149 2136 3203 haud

233 3269 290 3309 40
307 3240 578 3310 gravatim,
617 3253 670 3292 et
709 3237 806 3291 tibi
842 3238 1084 3291 solatium
1122 3252 1182 3290 ut
1219 3238 1405 3308 opinor
1442 3258 1503 3290 ex
1539 3237 1672 3291 illius
1709 3238 1935 3307 ingenie,
1973 3251 2028 3290 et
2063 3235 2140 3289 illi
