2242 3600
678 180 1072 234 IOHANNI
1131 176 1579 233 BOCCATIO
1946 188 2042 244 205

603 419 857 480 Iohanni
883 418 1170 478 Boccati0.
1255 417 1380 476 Sen.
1413 415 1553 476 xvii.
1588 433 1640 493 3.

267 557 505 610 IBRVM
526 571 702 621 tuum,
723 573 883 626 quem
910 567 1089 606 nostro
1115 568 1355 606 materno
1381 553 1590 623 eloquio
1616 566 1677 604 ut
1706 551 1894 621 opinor
1918 549 2045 608 olim

317 644 511 696 'uvenis
557 642 783 707 edidisti,
822 642 992 694 nescio
1033 639 1249 711 quidem
1294 639 1436 692 unde
1470 638 1553 692 vel
1593 637 1818 709 qualiter
1859 636 1924 688 ad
1960 655 2045 688 me

207 728 442 782 delatum
479 729 604 781 vidi.
677 728 897 800 §fil-{¹25}
937 725 1281 796 dicam‚rlegi,
1316 726 1556 789 mentiar.
1633 723 1904 794 Siquidem
1936 723 2045 793 ipse

207 833 421 885 magnus
463 814 630 879 valde,
659 828 735 885 *ut
776 814 843 866 ad
882 812 1086 882 vulgus,
1127 826 1181 865 et
1220 811 1391 864 soluta
1430 812 1651 881 scriptus
1693 810 1946 874 oratione,
1990 824 2044 862 et

206 903 483 972 occupatio
515 921 630 954 mea
662 901 827 953 maior
858 914 911 953 et
945 914 1151 970 tempus
1186 912 1466 968 angustum
1500 912 1626 963 erat,
1659 896 1821 967 idque
1852 897 2041 966 ipsum,
2066 911 2090 954 5
2136 894 2139 897 ’

206 1004 268 1041 ut
302 989 455 1054 nosti,
491 988 685 1040 bellicis
719 987 955 1058 undique
989 985 1219 1038 motibus
1252 985 1589 1055 inquietum3
1644 1003 1674 1036 a
1705 982 1913 1054 quibus,
1948 984 2044 1035 etsi

206 1078 381 1128 animo
415 1075 599 1144 procul
635 1074 815 1138 absim,
854 1091 1059 1143 nequeo
1095 1087 1274 1125 tamen
1307 1071 1601 1123 fluctuante
1636 1069 1902 1140 republica
1937 1088 2045 1122 non

206 1161 420 1213 moveri.
499 1160 645 1219 Quid
686 1163 853 1228 ergo?
933 1159 1219 1211 Excucurri
1261 1176 1382 1210 eum
1425 1172 1478 1210 et
1520 1156 1697 1208 festini
1737 1155 1947 1208 viatoris
1987 1156 2045 1208 in

205 1265 423 1312 morem,
451 1247 573 1299 hinc
601 1261 761 1316 atque
785 1245 909 1297 hinc
934 1244 1351 1314 circumspiciens
1379 1262 1473 1295 nec
1499 1243 1794 1295 subsistens,
1856 1241 2042 1294 Anim-

207 1333 408 1386 adverti
442 1333 632 1385 alicubi
663 1332 860 1384 librum
892 1332 1065 1402 ipsum
1099 1349 1289 1383 canum
1323 1329 1568 1382 dentibus
1601 1329 1912 1393 lacessitum,
1949 1343 2044 1381 tuo
2067 1347 2116 1378 10

207 1435 386 1473 tamen
427 1420 613 1473 baculo
655 1419 857 1488 egregie
898 1431 1096 1488 tuaque
1135 1435 1263 1470 voce
1305 1416 1593 1468 defensum.
1671 1415 1786 1467 Nec
1827 1414 2043 1467 miratus

205 1525 338 1559 sum.
417 1506 557 1558 Nam
600 1520 654 1558 et
694 1505 826 1558 vires
867 1505 1064 1574 ingenii
1107 1503 1187 1557 tui
1229 1503 1369 1569 novi,
1412 1516 1466 1554 et
1506 1502 1613 1554 scio
1655 1495 1916 1571 expertusJ
1940 1519 2045 1553 esse

205 1593 483 1646 hominum
512 1611 672 1662 genus
700 1605 754 1645 et
783 1592 1005 1644 insolens
1033 1605 1086 1643 et
1112 1590 1377 1660 ignavum,
1405 1589 1515 1659 qui,
1543 1587 1806 1659 quidquid
1835 1587 1932 1658 ipsi
1961 1586 2045 1640 vel

206 1679 413 1745 nolunt,
430 1679 513 1733 vel
539 1679 795 1745 nesciunt,
821 1678 904 1732 vel
930 1697 1038 1731 non
1062 1690 1296 1748 possunt,
1322 1677 1380 1728 in
1405 1675 1511 1728 aliis
1539 1674 1950 1746 reprehendunt,
1979 1673 2045 1726 ad

205 1767 305 1819 hoc
328 1785 496 1819 unum
524 1765 668 1818 docti
694 1780 748 1818 et
779 1765 967 1834 arguti,
993 1763 1084 1817 sed
1110 1763 1337 1832 elingues
1373 1761 1439 1814 ad
1462 1761 1677 1832 reliqua.
1736 1759 2043 1813 Delectatus
2069 1773 2117 1816 15

203 1871 321 1906 sum
354 1853 412 1905 in
440 1853 554 1923 ipso
586 1852 827 1916 transitu,
861 1865 914 1904 et
945 1851 986 1903 si
1018 1849 1148 1921 quid
1177 1848 1412 1901 lasciviae
1445 1848 1698 1900 liberioris
1730 1861 2044 1913 occurreret,

205 1938 482 1992 excusabat
522 1952 657 1992 aetas
691 1952 819 1991 tunc
847 1952 955 2003 tua,
984 1936 1113 1989 dum
1138 1935 1194 1988 id
1218 1935 1479 2000 scribereS,
1506 1933 1670 2000 stiluS,
1697 1934 1950 1999 idioma,
1935 1953 2045 2004 ipsa

207 2044 421 2097 quoque
458 2044 632 2078 rerum
667 2024 849 2077 levitas
887 2038 940 2076 et
978 2042 1161 2076 eorum
1198 2023 1290 2095 qui
1325 2021 1515 2074 lecturi
1551 2020 1674 2074 talia
1709 2020 2042 2090 videbantur.

205 2112 388 2165 Refert
427 2111 569 2164 enim
604 2110 819 2180 largiter
849 2109 1039 2181 quibus
1053 2097 1276 2175 scribaS,
1310 2125 1626 2178 morumque
1655 2107 1908 2160 varietate
1937 2106 2044 2160 stili

204 2198 421 2252 varietas
448 2211 737 2251 excusatur.
2063 2219 2115 2250 20

277 2285 427 2338 Inter
457 2283 625 2338 multa
652 2302 774 2337 sane
801 2283 972 2336 iocosa
1001 2296 1055 2335 et
1083 2281 1233 2347 levia,
1264 2279 1522 2352 quaedam
1551 2280 1637 2351 pia
1667 2293 1720 2333 et
1750 2281 1923 2350 gravia
1953 2280 2043 2332 de-

206 2371 479 2444 prehendi,
502 2371 568 2424 de
587 2371 776 2442 quibus
798 2385 978 2423 tamen
998 2368 1292 2434 diffinitive,
1314 2367 1445 2439 quid
1462 2366 1839 2433 iudicem,‚non
1857 2367 2043 2433 habeo,

205 2473 267 2512 ut
303 2458 396 2530 qui
433 2476 691 2528 nusquam
729 2471 872 2510 totus
908 2455 1234 2509 inhaeserim.
1306 2453 1381 2506 At
1418 2453 1564 2524 quod
1598 2473 1719 2506 vere
1755 2453 1945 2508 accidit
1983 2474 2045 2506 eo

206 2564 352 2645 more
382 2544 730 2610 currentibus,
763 2545 1010 2625 curiosius
1047 2541 1316 2612 aliquanto
1348 2558 1508 2611 quam
1543 2554 1715 2601 cetera
1743 2540 1864 2593 libri
1899 2542 2043 2611 prin-

206 2705 445 2772 statum
469 2703 633 2769 illius
666 2717 862 2769 scilicet
924 2672 1361 2812 pestilentissimi
1395 2715 1661 2784 temporiS,
1716 2714 1862 2785 quod
1923 2734 2047 2786 prae

206 2804 449 2857 omnibus
487 2818 661 2856 nostra
697 2817 832 2856 aetas
868 2801 1091 2871 lugubre
1126 2820 1184 2854 ac
1219 2801 1466 2853 miserum
1502 2800 1704 2853 mundo
1737 2801 1890 2868 vidit,
1927 2820 2046 2854 meo

208 2891 425 2962 quidem
451 2889 646 2942 iudicio
674 2904 727 2942 et
755 2889 972 2942 narrasti
998 2888 1210 2959 proprie
1236 2902 1290 2941 et
1318 2887 1592 2957 magnifice
1620 2887 1916 2958 deplorasti.
1981 2889 2046 2942 In

209 2979 375 3032 altero
392 2990 570 3030 autem
594 2977 865 3029 historiam
890 2975 1133 3028 ultimam
1157 2989 1211 3028 et
1237 2975 1415 3027 multis
1439 2974 1869 3045 praecedentium
1891 2974 2048 3046 longe

209 3064 511 3119 dissimilem
543 3063 779 3134 posuisti,
813 3081 948 3133 quae
978 3062 1054 3115 ita
1086 3062 1215 3114 mihi
1246 3061 1445 3132 placuit
1478 3080 1669 3132 meque
1702 3062 1950 3128 detinuit,
1984 3077 2046 3116 ut
2065 3085 2119 3126 30

207 3153 349 3205 inter
384 3164 468 3203 tot
503 3169 665 3215 curas,
692 3168 827 3220 quae
857 3167 1023 3219 paene
1047 3148 1150 3201 mei
1174 3148 1331 3219 ipsius
1355 3148 1721 3201 immemorem
1746 3167 1832 3202 me
1858 3150 2045 3215 fecere,

207 3238 350 3292 illam
401 3238 684 3292 memoriae
735 3235 993 3314 mandare·
1023 3235 1296 3302 voluerim,
1331 3249 1393 3289 ut
1443 3249 1498 3289 et
1546 3236 1657 3306 ipse
1694 3254 1808 3288 eam
1848 3238 2043 3302 anime,
