2242 3600
508 190 904 243 IOHANNI
965 191 1074 242 DE
1130 190 1614 243 CERTALDO
1887 208 1983 263 159

136 337 232 389 nec
251 337 305 370 se
325 319 498 388 ipsum
518 318 1001 385 amareb›didicis—³3&²
1012 318 1227 370 sinistris
1250 318 1458 371 alitibus
1479 320 1535 371 in
1554 319 1697 371 hunc
1719 321 1981 373 mundum

90 426 94 465 ς
134 405 406 473 ingressus,
437 405 836 457 sinisterioribus
868 405 1015 469 abiit,
1047 404 1139 456 ubi
1170 405 1374 456 nullum
1405 420 1539 475 puto
1567 425 1808 458 serenum
1841 407 1981 459 diem
2004 431 2052 458 20

73 490 286 551 vvidit.
363 491 536 550 Quem
574 491 825 542 memoria
863 504 1103 559 repetens
1141 509 1294 560 saepe
1333 491 1579 556 admiror,
1616 492 1887 561 quomodo
1925 494 1980 545 in

134 589 245 628 tam
295 577 500 629 tristem
549 579 854 646 fuscamque
902 577 1130 628 animam
1177 577 1331 628 Pierii
1379 578 1589 647 spiritus
1639 597 1697 630 ac
1746 578 1978 649 coelestis

133 663 360 714 musicae
388 663 471 716 vel
501 664 671 715 tenuis
704 662 1048 714 descendisset
1079 662 1316 716 olfactus.
1385 664 1586 716 Orabat
1617 665 1771 716 miser
1800 665 1978 717 multis

132 748 373 818 precibus
403 763 466 801 ut
494 768 593 818 pro
620 768 673 801 se
702 749 988 813 mitterem,
1017 750 1174 802 fassus
1205 768 1451 815 errorem,
1484 769 1620 820 quae
1647 769 1723 802 res
1754 751 1980 803 maxime

131 835 289 887 iratos
320 835 517 887 animos
548 836 737 905 placat.
803 835 915 904 Ego
944 855 1068 887 vero
1098 849 1151 887 et
1181 835 1581 894 instabilitatem
1612 837 1742 888 mihi
1773 838 1977 890 notissi-
2002 852 2051 894 25

134 939 292 986 mam,
342 935 396 973 et
445 935 672 974 aetatem
719 921 1125 987 intractabilem,
1175 922 1548 993 mutandisque
1594 924 1699 975 iam
1747 924 1978 977 moribus

134 1006 399 1058 duriorem
434 1008 646 1072 verituS,
682 1021 736 1059 et
770 1007 985 1059 consilio
1018 1009 1230 1078 insuper
1265 1022 1360 1060 tuo
1394 1010 1576 1075 fretus,
1612 1029 1720 1080 quo
1754 1010 1981 1063 fidenter

131 1093 189 1144 in
224 1112 280 1144 re
314 1093 550 1163 qualibet
587 1094 668 1145 uti
701 1093 879 1158 velim,
916 1108 977 1146 ut
1014 1094 1160 1163 quod
1195 1094 1296 1146 rite
1331 1095 1719 1148 consulentium
1755 1110 1981 1167 utraque

131 1181 219 1231 fax
261 1179 506 1244 illustrat,
547 1180 824 1249 ingenium
869 1194 923 1231 et
968 1180 1113 1252 fides,
1158 1181 1343 1250 spretis
1389 1181 1628 1250 precibus
1674 1201 1980 1253 responsum
2046 1181 2049 1184 “

112 1265 707 1345 Q&
763 1265 1129 1335 Qoepiffillum
1150 1265 1366 1318 tandem
1386 1253 2051 1331 familiaritths'‘nost‘r{?30

134 1353 449 1405 desiderium
496 1353 779 1418 ardentius,
828 1366 881 1404 et
929 1352 1063 1405 male
1107 1353 1205 1404 sibi
1252 1354 1492 1422 cognitae
1537 1354 1711 1424 pudor
1757 1355 1977 1421 Italiae3

135 1435 473 1506 moribusque
513 1437 631 1488 fisus
674 1436 877 1501 nostriS,
920 1436 1260 1506 cogitansque
1299 1436 1446 1508 quod
1486 1456 1671 1503 verum
1710 1453 1839 1510 erat,
1882 1441 1979 1491 etsi

133 1523 307 1575 vocari
337 1537 467 1575 esset
496 1522 757 1592 indignuS,
787 1523 829 1574 si
861 1536 1039 1575 tamen
1069 1522 1211 1574 ultro
1241 1507 1481 1588 venisset,
1513 1524 1731 1576 minime
1760 1525 1978 1595 quidem

127 1627 187 1671 ‚se
240 1610 425 1661 nostris
481 1609 765 1662 arcendum
817 1609 1104 1674 liminibuS,
1159 1610 1398 1679 proxima
1451 1624 1647 1662 aestate
1700 1610 1866 1664 Aeolo
1919 1632 1977 1665 ac

134 1694 393 1765 Neptuno
424 1710 647 1766 totoque
685 1696 873 1747 Phorci
912 1696 1144 1748 exercitu
1175 1685 1766 1767 adversantessssyzantio
1794 1700 1976 1752 funem
1999 1717 2048 1758 35

131 1781 303 1834 solvit.
1494 1775 1498 1781 ¹

204 1867 254 1920 O
303 1867 434 1938 quid
485 1869 691 1922 dicam!
771 1869 1128 1921 Miserabilem
1184 1869 1571 1940 terrificamque
1620 1890 1730 1923 rem
1781 1871 1973 1925 audies.

132 1955 353 2024 Iamque
372 1955 701 2025 Bosphorum
722 1970 882 2026 atque
900 1956 1299 2026 Propontidem,
1319 1957 1531 2027 iamque
1549 1957 1974 2028 Hellespontum,

132 2041 504 2111 Aegaeumque
526 2057 580 2094 et
604 2043 833 2107 Ionium,
858 2043 1019 2094 maria
1041 2042 1260 2108 Graeca,
1286 2044 1611 2109 transiverat,
1634 2045 1739 2096 iam
1763 2045 1977 2098 Italicae

131 2127 347 2192 telluris,
366 2142 426 2180 ut
447 2128 2047 2202 augurordssssesstufflQuQ-§QSQQAELQQmares.pnsres‚40

110 2213 693 2291 QQAEQUS
715 2229 963 2280 maestus,
1000 2214 1285 2267 Adriacum
1322 2215 1556 2269 sulcabat
1594 2237 1805 2288 aequor,
1846 2219 1975 2272 dum

130 2314 348 2369 repente
383 2314 588 2353 mutata
620 2301 751 2352 coeli
782 2301 913 2352 facie
939 2300 1214 2371 pelagique
1242 2321 1390 2354 saeva
1418 2317 1696 2373 tempestas
1724 2306 1974 2372 exoritur,

130 2388 419 2458 ceterisque
456 2388 522 2439 ad
557 2408 647 2440 sua
685 2407 901 2440 munera
938 2389 1127 2453 effusis,
1166 2389 1277 2440 Leo
1314 2391 1467 2442 miser
1503 2390 1642 2443 malo
1678 2391 1856 2445 affixus
1893 2394 1974 2446 in-

129 2473 379 2539 haeserat,
414 2474 567 2540 malo,
604 2476 839 2545 inquam,
879 2494 1016 2540 vere,
1050 2475 1414 2547 malorumque
1452 2477 1663 2543 ultimo,
1699 2479 1846 2549 quod
1881 2500 1975 2550 per

130 2566 287 2612 omne
315 2580 501 2614 aevum
530 2562 698 2613 multa
726 2581 967 2631 perpesso
997 2561 1125 2613 dura
1152 2563 1207 2614 in
1235 2562 1395 2614 finem
1423 2565 1638 2618 fortuna
1663 2582 1971 2620 servaverat.
1995 2586 2045 2627 45

130 2646 327 2699 Horret
362 2647 584 2699 calamus
619 2648 837 2699 infelicis
874 2648 1025 2699 amici
1060 2667 1235 2700 casum
1268 2667 1525 2719 promere.
1595 2651 1682 2703 Ad
1713 2671 1973 2705 summam

127 2732 267 2784 inter
306 2733 494 2786 multas
534 2748 589 2786 et
627 2734 915 2787 horrisonas
955 2734 1085 2786 coeli
1125 2737 1287 2788 minas
1326 2737 1486 2790 iratus
1526 2739 1772 2808 Iuppiter
1807 2740 1973 2792 telum

131 2819 300 2883 torsit,
342 2837 449 2888 quo
489 2819 732 2872 disiectae
771 2835 1047 2886 antennae,
1087 2822 1399 2893 incensaque
1438 2824 1644 2876 carbasa
1683 2826 1738 2877 in
1776 2827 1972 2880 favillas

130 2904 302 2957 abiere
328 2920 382 2957 et
405 2905 760 2959 lambentibus
787 2907 931 2959 malis
957 2907 1178 2960 flammis
1205 2910 1462 2975 aetheriis,
1490 2912 1691 2964 cunctis
1717 2915 1889 2966 stratis
1918 2929 1972 2967 et

130 2992 341 3056 territis,
357 2986 1017 3071 QP—QQQ
1080 2995 1184 3047 Hic
1210 2996 1399 3049 Leonis
1427 2998 1559 3051 finis.
1993 3016 2043 3056 50

195 3078 245 3130 Ο
267 3098 341 3131 res
358 3067 640 3132 ¹hominum
659 3067 986 3151 improuisae,
1005 3103 1038 3135 o
1054 3102 1189 3136 mors
1212 3084 1396 3137 clarior
1414 3087 1790 3156 sonantiorque
1810 3106 1969 3157 quam

123 3163 352 3216 vellem!
427 3166 552 3218 Non
602 3168 857 3236 putabam
908 3168 1172 3238 Capaneo,
1223 3171 1419 3240 Argivo
1469 3171 1610 3237 duci,
1662 3192 1757 3224 nec
1806 3173 1969 3227 Tullo

123 3249 353 3302 Hostilio
383 3266 474 3304 aut
505 3251 659 3319 Caro,
686 3255 794 3322 regi
822 3254 915 3320 illi,
942 3255 1065 3308 huic
1103 3256 1349 3328 principi,
1374 3258 1563 3311 Leonis
1603 3259 1968 3314 ascribendum
