2242 3600
311 205 406 258 160
667 204 1061 257 IOHANNI
1123 205 1230 256 DE
1288 184 1769 258 CERTALDo

304 351 514 397 nomen,
555 333 651 385 viri
690 333 899 385 humilis
940 352 1034 385 nec
1079 332 1299 398 indocti,
1336 334 1428 406 sed
1468 353 1561 410 nec
1607 334 1864 386 fortunati
1873 353 2138 416 unquam

233 436 280 477 55
301 438 562 490 prospere,
594 438 688 470 nec
716 419 949 470 iucundi.
1016 416 1231 489 Semper
1259 434 1400 471 certe
1429 439 1568 472 nunc
1595 403 1869 489 intelligo,
1879 434 1942 472 ut
1958 406 2175 475 multa

302 520 420 575 post
445 507 645 556 factum
669 478 1038 573 intelligemus,
1064 525 1267 575 semper
1291 507 1524 576 inquam,
1552 506 1713 558 nubes
1738 506 1825 558 illa
1849 508 2139 578 maestique

301 593 400 643 oris
438 591 721 643 obscuritas
760 591 1037 669 nuntiabat
1074 592 1174 643 hoc
1210 592 1427 645 fulmen.
1503 579 1755 663 Supellex
1767 580 2180 648 horriduffa‘e'?

260 667 591 748 squalentes
607 670 797 742 libelli,
823 671 946 729 hinc
968 666 1251 730 nautarum
1259 667 1398 744 fide,
1426 680 1547 731 hinc
1574 680 1783 749 propria
1810 681 1916 732 tuti
1941 681 2135 751 inopia,

300 783 518 817 evasere.
591 764 794 833 Inquiri
830 765 1016 815 faciam
1051 785 1116 816 an
1149 766 1215 816 sit
1250 766 1305 818 in
1339 767 1408 818 eis
1443 767 1715 836 Euripides
1752 765 2138 837 Sophoclesque

227 862 276 899 60
299 865 351 902 et
370 850 471 915 alii,
490 869 616 919 quos
636 850 765 901 mihi
786 841 1215 920 quaesiturum-’se
1234 852 1603 924 spoponderat.
1641 852 1883 906 Truncus
1899 853 2135 907 informis

299 958 356 989 ac
396 938 669 988 semiustus
710 937 766 988 in
797 955 938 988 mare
968 928 1187 990 iactatus
1225 952 1317 990 est.
1391 939 1563 998 Quem
1602 939 1697 990 alia
1733 939 1799 990 ad
1830 953 1884 991 te
1915 939 2133 1010 epistola

298 1023 509 1075 Graecis
568 1041 733 1076 escam
791 1023 1052 1075 vermibus
1112 1024 1442 1091 destinaram,
1489 1026 1609 1091 heu,
1665 1025 1808 1078 Italis
1860 1027 2006 1080 cibus
2054 1041 2132 1080 est

297 1109 537 1178 piscibus,
602 1109 689 1161 Tu
721 1110 836 1162 vive
867 1109 990 1160 felix
1026 1124 1078 1161 et
1110 1110 1222 1162 vale
1256 1113 1417 1163 nostri
1450 1130 1666 1165 memor.
1730 1111 1981 1178 VenetiiS,
2014 1132 2130 1166 vm.

300 1195 556 1248 Kalendas
587 1195 853 1247 Februarii
879 1195 1073 1266 [1367]⁸

511 1414 565 1474 V
567 1414 739 1473 rbano
777 1414 849 1474 V
885 1415 1159 1492 Pontifici
1190 1415 1480 1475 Maxima
1556 1415 1680 1475 Sen.
1718 1416 1816 1476 vii.
1859 1435 1908 1476 1.

292 1548 839 1680 [QLIQVAMDIV'
874 1562 1023 1618 pater
1063 1549 1372 1614 beatissime,
1407 1569 1472 1601 an
1511 1549 1709 1618 aliquid
1747 1549 1846 1601 tibi
1877 1570 1966 1603 seu
1999 1550 2130 1621 quid

419 1636 696 1687 scriberem
748 1635 935 1686 dubius
986 1636 1099 1699 fui3
1162 1636 1284 1687 hinc
1325 1636 1522 1705 vulgari
1574 1637 1727 1700 fama,
1770 1636 1893 1689 hinc
1940 1636 2128 1689 litteris

292 1723 579 1774 amicorum
603 1721 668 1773 de
690 1735 743 1773 te
765 1721 931 1773 multa
954 1735 1007 1773 et
1028 1722 1287 1792 praeclara
1309 1723 1631 1774 narrantium
1654 1722 1916 1775 excitabar
1936 1745 1950 1788 ;
1991 1723 2126 1776 illius

291 1822 414 1859 ante
456 1808 594 1873 alios,
638 1809 731 1878 qui
774 1808 839 1859 de
881 1822 989 1860 tam
1032 1808 1208 1860 multis
1252 1809 1382 1860 mihi
1423 1827 1587 1878 paene
1627 1809 1842 1860 unicum
1882 1808 2141 1882 solatium,

244 1919 267 1960 5
292 1895 556 1958 remansit,
580 1894 670 1945 diu
699 1893 858 1945 oculis
888 1909 1148 1963 ereptum,
1172 1895 1345 1946 animo
1373 1913 1607 1964 praesens
1635 1912 1854 1964 semper,
1876 1895 2124 1966 Philippi,

288 1980 617 2031 Patriarchae
648 1979 1128 2050 Hierosolymitani,
1156 1981 1265 2051 qui,
1294 2000 1359 2032 ne
1392 1994 1630 2033 veterum
1663 1980 1957 2034 studiosum
1989 2001 2124 2035 nova

287 2068 479 2118 sineret
522 2068 776 2136 ignorare,
822 2067 1082 2137 simulque
1126 2081 1187 2119 ut
1230 2066 1489 2118 scribendi
1534 2067 1805 2118 materiam
1849 2067 2123 2136 gloriosam

288 2166 448 2222 atque
484 2153 699 2204 uberem
735 2155 856 2206 stilo
893 2154 1121 2218 offerret,
1159 2173 1311 2223 saepe
1346 2173 1439 2223 per
1474 2154 1574 2205 hoc
1612 2167 1817 2223 tempus
1857 2154 1922 2206 de
1970 2154 2122 2207 rebus

288 2240 390 2291 tuis
418 2240 667 2312 mirisque
686 2241 742 2291 in
763 2239 982 2291 modum
1002 2239 1240 2291 laudibus
1264 2254 1478 2292 tuorum
1501 2239 1670 2309 deque
1689 2239 1978 2310 Apostolici
1998 2259 2120 2311 pro-

220 2352 266 2378 10
287 2326 444 2395 positi
483 2326 762 2377 sanctitate
799 2327 1113 2395 gravissimas
1154 2326 1219 2377 ad
1259 2345 1344 2377 me
1382 2345 1476 2377 nec
1516 2326 1684 2377 minus
1724 2326 2122 2391 ferventissimas

285 2413 490 2482 scripsit
523 2412 778 2482 epistolas.
848 2412 1068 2477 Quibus,
1102 2414 1286 2477 fateor,
1319 2413 1423 2465 iam
1456 2412 1712 2464 defessum
1745 2426 2123 2484 tepentemque

288 2499 521 2550 animum
552 2499 890 2551 vehementer
922 2499 1244 2551 accenderat.
1313 2498 1510 2550 Aderat
1537 2499 1796 2550 hortatrix
1826 2498 1939 2563 alia,
1971 2512 2119 2552 vetus
2195 2518 2200 2522 ·
2231 2493 2238 2503 x

286 2584 482 2635 scilicet
531 2599 584 2636 et
634 2586 949 2655 praescripta
997 2586 1100 2637 iam
1150 2585 1474 2637 consuetudo
1523 2604 1637 2636 mea
1695 2584 1954 2637 scribendi
2013 2603 2119 2638 non

287 2684 498 2722 tantum
531 2672 642 2740 pari
676 2671 865 2723 fiducia
899 2673 1065 2741 parvis
1100 2691 1156 2723 ac
1191 2672 1404 2740 magnis,
1437 2671 1527 2723 sed
1566 2690 1627 2722 eo
1665 2667 1868 2741 semper
1907 2670 2118 2724 alacrius

217 2778 261 2819 15
287 2775 395 2826 quo
447 2757 726 2808 maioribus
780 2758 877 2808 sim
929 2759 1232 2827 scripturus,
1286 2777 1313 2809 a
1366 2756 1554 2826 quibus
1609 2770 1663 2808 et
1717 2741 2118 2831 benchictorum

286 2841 591 2911 ampliorem
629 2843 850 2910 gratiam
889 2857 942 2894 et
982 2863 1215 2896 errorum
1254 2844 1635 2914 promptiorem
1671 2843 1878 2895 veniam
1914 2860 2117 2913 sperem

323 2969 336 2981 .
363 2970 376 2981 .
401 2928 575 2998 [Error
598 2930 875 2981 committed
898 2931 951 2982 in
969 2930 1090 2998 good
1095 2930 1242 2999 saith
1268 2949 1359 2981 can
1382 2948 1528 2981 never
1548 2929 1744 2980 deserve
1759 2927 2118 2999 punishment]

282 3015 426 3066 Haec
455 3033 538 3065 me
565 3015 743 3084 opinio
770 3029 823 3066 et
850 3016 974 3067 haec
1001 3035 1112 3086 spes
1143 3015 1372 3085 impulit,
1401 3029 1462 3067 ut
1502 3013 1972 3085 praedecessoribus
2013 3014 2116 3066 tuis

284 3101 486 3153 duobus
522 3115 643 3152 ante
677 3102 974 3170 proximum
1010 3101 1242 3167 RR.PP.‚
1277 3102 1406 3171 quin
1440 3115 1493 3152 et
1529 3101 1766 3152 Romano
1800 3100 2114 3170 Imperatori

211 3213 260 3239 20
284 3206 340 3238 ac
368 3186 689 3257 principibus
717 3201 771 3238 et
799 3187 1002 3256 regibus
1033 3202 1199 3240 terrae
1224 3206 1374 3256 saepe
1400 3187 1558 3238 etiam
1585 3186 1775 3255 ignotis
1800 3185 2110 3250 scriberem;

284 3291 378 3323 nec
428 3290 541 3324 sum
591 3272 784 3324 veritus
836 3292 901 3324 ne
950 3273 1263 3342 parvitatem
1314 3291 1481 3323 meam
1531 3271 1740 3323 illorum
1790 3271 2111 3341 opprimeret
