2242 3600
545 178 942 259 IOHANNI
1002 179 1111 231 DE
1168 178 1653 231 CERTALDO
1928 194 2017 232 121

175 308 242 360 ad
281 307 463 359 stilum
506 308 718 373 attinet,
761 307 907 378 quod
947 307 1014 359 ad
1054 326 1164 359 rem
1204 307 1347 359 haud
1388 307 1548 360 dubie
1588 307 1792 372 nobilis,
1835 322 2023 384 ppetae

174 393 415 447 laudibus
443 394 640 447 multus
667 395 823 447 fuisse·
846 394 1068 447 videare.
1134 393 1315 464 Atque
1340 394 1415 446 ita
1442 408 1497 446 te
1520 413 1726 464 purgas,
1754 394 1899 464 quasi
1925 413 2022 463 ego

172 480 255 533 vel
273 480 413 534 illius
433 481 516 534 vel
537 482 844 553 cuiusquam
863 481 1041 534 laudes
1052 478 1206 554 {meae
1225 481 1392 533 laudis
1413 481 1795 534 detrimentum
1814 494 2020 551 putem.

175 568 367 639 Itaque
395 568 660 639 quidquid
689 568 755 620 de
780 568 872 620 illo
899 568 1180 639 praedicas,
1212 582 1389 621 totum
1417 569 1457 620 si
1485 568 1702 638 pressius
1730 567 2020 638 inspiciam,

171 655 227 706 in
249 673 420 707 meam
442 655 661 724 gloriam
682 655 817 708 verti
840 656 926 707 ais.
986 655 1171 708 Inseris
1194 656 1509 708 nominatim
1531 655 1665 707 hanc
1686 654 1840 707 huius
1862 653 2021 707 officii
2048 669 2096 695 10

174 742 254 793 tui
277 742 682 807 excusationem,
704 741 849 812 quod
869 741 956 794 ille
977 741 1076 794 tibi
1096 740 1484 794 adolescentulo
1504 742 1702 812 primus
1721 740 2020 793 studiorum

173 826 281 879 dux
311 842 366 880 et
395 828 565 898 prima
594 830 681 879 fax
710 828 889 880 fuerit.
958 829 1103 881 Iuste
1132 828 1367 899 quidem,
1398 843 1562 898 grate,
1595 828 1916 893 memoriter,
1947 841 2020 892 et,

172 923 234 968 iit
254 916 466 985 proprie
493 915 680 980 dicam,
689 916 790 991 pie
818 957 829 967 .
862 957 873 967 .
903 956 917 968 .
982 914 1100 985 [We
1120 915 1267 984 ought
1295 928 1339 967 to
1366 916 1421 967 be
1440 935 1561 968 even
1587 935 1713 968 more
1734 914 1955 985 grateful
1977 927 2022 966 to

173 1001 302 1053 those
339 1002 443 1053 who
476 1002 603 1053 have
639 995 838 1053 traihed
868 1020 956 1053 our
987 1001 1149 1054 minds
1183 1002 1303 1054 than
1338 1015 1383 1054 to
1419 1003 1546 1054 those
1578 1002 1682 1054 who
1715 1002 1842 1054 have
1874 1001 2023 1053 cared

172 1090 246 1140 for
272 1108 359 1140 our
377 1088 579 1159 bodies]
644 1090 783 1140 Nam
802 1103 864 1145 et
891 1088 980 1140 ille
1006 1088 1190 1158 dignus
1211 1089 1312 1141 hoc
1339 1090 1636 1160 praeconio,
1658 1103 1712 1143 et
1742 1103 1820 1154 tu,
1842 1102 1903 1140 ut
1932 1088 2020 1152 ais,
2047 1105 2094 1145 15

170 1175 295 1227 huic
318 1175 492 1228 officio
515 1175 771 1228 obnoxius
795 1196 808 1240 ;
852 1175 1079 1248 ideoque
1101 1194 1311 1228 carmen
1333 1175 1466 1229 illud
1490 1191 1644 1229 tuum
1665 1174 2020 1228 laudatorium

171 1262 478 1333 amplector,
507 1276 562 1314 et
588 1262 863 1315 laudatum
889 1262 995 1314 illic
1021 1277 1198 1329 yatem,
1223 1263 1332 1333 ipse
1352 1282 1573 1334 ,quoque
1599 1262 1855 1315 collaudo.

242 1349 306 1401 In
331 1350 651 1402 excusatoria
675 1364 853 1402 autem
878 1349 1095 1420 epistola
1119 1349 1250 1402 nihil
1274 1365 1350 1402 est
1375 1370 1482 1421 quo
1506 1369 1733 1415 movear,
1755 1350 1851 1402 nisi
1875 1348 2021 1420 quod

168 1455 355 1506 parum
397 1437 495 1508 tibi
534 1457 674 1490 nunc
714 1437 874 1489 etiarn
913 1451 1067 1490 notus
1106 1437 1222 1502 sim,
1249 1437 1334 1490 cui
1372 1456 1458 1489 me
1495 1437 1650 1508 plane
1690 1437 2020 1489 notissimum

151 1523 476 1599 (arbitrabar.
533 1525 672 1594 Ergo
690 1544 787 1594 ego
806 1523 1064 1576 clarorum
1084 1525 1366 1578 hominum
1384 1524 1624 1578 laudibus
1645 1544 1751 1576 non
1771 1523 2020 1588 delecter,
2043 1549 2091 1577 20

75 1646 82 1652 -
166 1610 332 1662 immo
362 1625 416 1663 et
445 1610 635 1681 glorier
663 1615 680 1663 ?
748 1610 920 1663 Crede
953 1611 1101 1677 mihi,
1132 1611 1263 1664 nihil
1294 1633 1321 1664 a
1352 1632 1438 1664 me
1466 1612 1687 1682 longiu8‚
1718 1611 1859 1664 nulla
1889 1611 2020 1663 mihi

167 1698 328 1767 pestis
367 1698 600 1768 ignotior
636 1698 836 1766 invidia
878 1671 1030 1763 eggis
1058 1699 1189 1769 quin
1230 1702 1408 1770 potius
1453 1700 1594 1770 (vide
1634 1718 1794 1770 quam
1835 1698 2019 1769 procul

168 1783 293 1836 inde
331 1785 515 1853 absim)
549 1799 894 1838 scrutatorem
933 1785 1195 1837 mentium
1226 1786 1404 1839 Deum
1436 1800 1617 1851 testor,
1647 1787 1733 1838 vix
1763 1805 1847 1837 me
1877 1785 2019 1838 aliud

168 1870 224 1922 in
269 1872 378 1924 vita
420 1873 628 1942 gravius
670 1873 783 1943 pati
829 1891 988 1943 quam
1034 1871 1180 1943 quod
1227 1872 1578 1925 benemeritos
1618 1888 1675 1935 ,et
1719 1873 1913 1942 gloriae
1963 1886 2018 1924 et

168 1961 387 2030 praemii
423 1962 592 2013 omnis
629 1976 865 2032 expertes
902 1961 1092 2026 video;
1150 1980 1257 2013 non
1294 1960 1440 2031 quod
1475 1975 1567 2014 aut
1604 1962 1727 2013 hinc
1764 1961 2018 2015 damnum
2042 1985 2089 2027 25

168 2046 286 2116 ipse
303 2066 579 2118 proprium
606 2068 811 2120 querar,
840 2063 931 2101 aut
958 2049 1223 2101 contrario
1247 2048 1454 2100 lucrum
1478 2067 1700 2119 sperem,
1726 2048 1817 2100 sed
1842 2048 2017 2120 publi-

169 2152 283 2185 cam
309 2148 503 2187 sortem
530 2134 649 2201 fleo,
675 2135 741 2187 ad
767 2135 1045 2187 obscoenas
1072 2149 1205 2188 artes
1231 2135 1569 2188 honestarum
1596 2136 1825 2206 praemia
1852 2149 2017 2188 trans-

168 2219 275 2272 lata
299 2222 618 2292 conspiciens
645 2263 656 2274 .
685 2264 696 2274 .
725 2263 737 2274 .
810 2221 961 2292 [This
982 2235 1146 2292 report
1167 2222 1258 2274 has
1279 2222 1396 2274 been
1419 2222 1727 2293 maliciously
1749 2222 1969 2295 spread]

237 2306 443 2360 Dicunt
479 2309 620 2360 enim
657 2309 748 2378 qui
785 2327 870 2360 me
897 2308 1153 2374 oderunt,
1190 2327 1275 2361 me
1309 2308 1459 2361 illum
1490 2309 1661 2375 odisse
1697 2323 1858 2380 atque
1892 2329 2018 2362 con-

172 2407 425 2460 temnere,
476 2410 537 2447 ut
586 2395 668 2448 vel
716 2396 787 2447 sic
837 2396 967 2447 mihi
1003 2395 1136 2474 odia
1185 2395 1477 2466 vulgarium
1528 2396 1779 2462 conflent,
1828 2396 2018 2467 quibus
2040 2417 2091 2456 30

169 2481 553 2551 acceptissimus
581 2481 669 2534 ille
696 2497 790 2534 est.
855 2483 1071 2534 Novum
1101 2483 1367 2554 nequitiae
1393 2503 1555 2553 genus
1583 2498 1637 2536 et
1666 2483 1914 2535 mirabilis
1942 2503 2019 2536 ars

171 2568 431 2620 nocendi!
513 2569 609 2621 His
655 2589 752 2639 pro
798 2588 883 2621 me
928 2571 1115 2622 veritas
1160 2571 1270 2640 ipsa
1315 2570 1644 2641 respondeat.
1728 2571 1793 2622 In
1838 2571 2019 2641 primis

170 2654 388 2725 quidem
415 2655 525 2727 gdii
554 2675 703 2708 causa
734 2656 875 2708 nulla
904 2672 981 2709 est
1011 2677 1130 2727 erga
1158 2657 1429 2710 hominem
1460 2676 1732 2728 nunquam
1762 2657 1893 2710 mihi
1922 2658 2019 2709 nisi

169 2742 345 2808 semel,
373 2741 535 2813 idque
568 2744 737 2813 prima
768 2745 1026 2814 pueritiae
1058 2763 1203 2797 meae
1233 2760 1402 2815 parte,
1435 2759 1806 2798 monstratum.
1877 2744 2018 2797 Cum

171 2849 268 2882 avo
331 2844 587 2900 patreque
644 2849 762 2882 meo
826 2831 957 2908 vigit
1021 2851 1117 2884 avo
1181 2833 1370 2897 minor,
1429 2847 1579 2902 patre
1645 2846 1824 2884 autem
1889 2844 2018 2883 natu
2038 2853 2087 2893 35

171 2917 353 2981 maior,
383 2935 505 2968 cum
534 2936 642 2987 quo
669 2917 825 2970 simul
854 2938 957 2970 una
988 2918 1072 2970 die
1101 2933 1261 2990 atque
1290 2939 1397 2972 uno
1426 2914 1569 2972 civili
1596 2919 1810 2972 turbine
1837 2919 2018 2989 patriis

171 3003 362 3056 finibus
394 3003 569 3073 pulsus
601 3005 723 3069 fuit,
755 3024 864 3075 quo
897 3019 1137 3076 tempore
1166 3006 1306 3058 inter
1337 3006 1616 3076 participes
1649 3025 2017 3059 aerumnarum

172 3099 390 3160 magnae
411 3110 563 3161 saepe
586 3092 974 3145 contrahuntur
998 3093 1259 3146 amicitiae
1280 3114 1294 3158 ;
1338 3093 1501 3164 idque
1524 3093 1606 3146 vel
1630 3093 1856 3146 maxime
1878 3093 2019 3144 inter

171 3176 284 3229 illos
312 3176 522 3243 accidit,
551 3192 613 3230 ut
640 3179 829 3249 quibus
858 3194 988 3232 esset
1016 3194 1224 3250 praeter
1254 3180 1477 3232 similem
1508 3182 1779 3233 fortunam
1812 3179 2016 3233 studio-

171 3283 289 3317 rum
316 3279 371 3317 et
395 3266 591 3335 ingenii
617 3267 785 3319 multa
809 3267 1102 3320 similitudo
1123 3289 1138 3334 ;
1186 3269 1281 3321 nisi
1306 3268 1454 3338 quod
1479 3269 1633 3321 exilio
1660 3270 1744 3322 cui
1770 3283 1939 3339 pater,
1964 3268 2021 3320 in
2040 3290 2091 3327 40
