2242 3600
182 215 242 252 12
385 200 815 254 VMBERTo
872 202 1268 256 DELFINo
1321 185 1807 256 VIEN'NENSI

172 328 270 381 sub
309 348 426 383 casu
466 329 656 383 ducere
693 348 898 383 somnos
926 334 944 383 ἰ
1020 331 1135 383 Nec
1172 350 1307 402 quae
1345 332 1686 384 circumstent
1726 345 1781 384 te
1814 329 2009 383 deinde

172 414 402 483 pericula
447 416 610 467 cernis
639 420 656 468 ?
682 417 695 441 ³
757 416 1001 468 Profecto
1044 417 1085 468 si
1131 417 1260 469 nihil
1306 416 1447 469 aliud
1492 435 1651 487 quam
1696 416 1868 486 pudor
1912 415 2007 468 ob-

173 514 445 570 streperet,
479 500 702 554 debebas
739 501 952 553 celerius
988 503 1284 572 expergisci.
1357 504 1476 564 Qua
1507 503 1646 555 enim
1681 505 1876 568 fronte,
1904 521 2011 572 quo

105 605 154 633 20
175 586 367 651 animo,
397 588 579 639 ceteris
610 586 675 638 ad
704 588 959 639 aestivum
987 587 1147 640 solem
1176 587 1271 640 sub
1301 588 1444 657 galea
1473 602 1526 640 et
1556 588 1788 640 umbone
1816 587 2007 657 degen-

176 671 333 737 tibus,
384 687 442 724 tu
490 672 673 742 procul
720 672 784 724 ab
841 673 1047 742 agmine
1097 674 1347 739 virorum,
1399 675 1730 745 femineaque
1784 675 2007 727 circum-

174 758 395 827 stipatus
436 759 559 823 acie,
601 759 904 828 conquisitis
949 773 1124 829 pastus
1170 760 1333 829 epulis
1386 774 1441 812 et
1493 760 1639 813 molli
1690 774 1833 813 veste
1882 780 2006 812 con-

176 856 366 908 textus,
422 843 605 895 umbra
670 853 865 914 t-orpes‘
900 858 954 896 et
1010 845 1139 909 otio,
1197 845 1356 897 homo
1412 846 1555 911 olim,
1614 860 1675 898 ut
1734 846 2005 916 putabam,

175 928 353 980 avidus
403 928 612 981 honoris
663 943 716 981 et
767 930 979 998 gloriae,
1031 930 1193 982 homo
1250 944 1435 1001 potens
1486 945 1540 983 et
1592 931 1795 998 nobilis,
1847 932 2007 984 homo

105 1025 151 1067 25
174 1014 372 1066 iuvenis
411 1028 464 1066 et
504 1015 747 1067 robustus
776 1020 793 1068 ?

248 1098 406 1164 Quid,
430 1120 538 1165 oro,
560 1114 614 1153 te
627 1101 886 1171 impedit?
935 1102 1231 1155 Munditias
1249 1121 1403 1168 amas,
1423 1105 1611 1172 refugis
1629 1103 1862 1157 labores?
1904 1104 2006 1156 Sed

173 1185 295 1238 audi
334 1187 600 1238 fortissimi
637 1187 734 1239 viri
772 1187 992 1240 verbum
1027 1207 1054 1239 a
1091 1187 1335 1241 Sallustio
1369 1189 1627 1242 relatum:
1673 1192 1687 1215 ⁶
1710 1189 2006 1243 Munditias

172 1272 493 1338 mulieribus,
533 1272 764 1325 laborem
803 1274 921 1326 viris
963 1275 1274 1327 convenire.'
1339 1274 1492 1327 Sitim
1532 1277 1721 1328 metuis
1764 1290 1818 1328 et
1858 1277 2005 1329 calles

172 1378 406 1410 arenosos
447 1372 499 1410 et
538 1373 799 1429 serpentes
832 1360 928 1412 sub
965 1361 1144 1412 Leone
1181 1361 1468 1414 terribiles?
1526 1361 1628 1413 Sed
1654 1362 1880 1428 alterius,
1909 1363 2005 1415 etsi

101 1463 150 1501 30
171 1445 343 1496 minus
365 1444 610 1510 bellicosi,
633 1465 739 1497 non
759 1446 930 1497 minus
957 1446 1106 1498 fortis
1127 1446 1224 1498 viri
1245 1446 1448 1499 dictum
1477 1448 1651 1518 accipe
1673 1469 1685 1500 :
1729 1450 1743 1473 ‘
1768 1448 2004 1518 Serpens,

171 1531 297 1595 sitis,
332 1530 483 1582 ardor
518 1550 700 1583 arenae
727 1531 917 1584 Dulcia
942 1532 1147 1598 virtuti,
1179 1533 1374 1602 gaudet
1411 1535 1666 1604 patientia
1701 1534 1877 1587 duris.’
1931 1534 2006 1587 At

171 1605 397 1668 mortem
436 1616 739 1687 gladiosque
777 1617 1069 1671 formidas?
1148 1618 1250 1671 Sed
1290 1633 1343 1671 et
1382 1619 1469 1671 hic
1506 1620 1725 1673 verbum
1766 1634 2006 1673 occurrat

166 1698 391 1780 alterius
415 1703 512 1754 viri
548 1705 732 1756 fortis:
792 1706 806 1728 ‘
828 1705 978 1757 Mors
1015 1705 1200 1757 ultima
1236 1725 1404 1776 poena
1441 1720 1534 1771 est,
1573 1707 1687 1759 Nec
1722 1706 2007 1759 metuenda

171 1774 325 1841 viris?
391 1790 516 1840 Non
542 1790 675 1859 plus,
692 1791 927 1861 inquam,
949 1791 1233 1844 metuenda
1261 1811 1419 1862 quam
1436 1811 1645 1845 somnus
1667 1807 1758 1845 aut
1784 1794 2003 1863 requies.

99 1885 146 1927 35
170 1874 314 1934 Quid
347 1875 485 1935 enim
518 1877 657 1928 inter
687 1878 870 1929 mortis
903 1892 957 1930 et
989 1878 1196 1947 originis
1231 1878 1369 1931 diem
1403 1881 1562 1931 refert
1591 1883 1608 1932 ?
1678 1880 1852 1931 Immo
1883 1876 2006 1932 vero

168 1960 395 2029 largiter,
417 1962 523 2023 ille·
540 1982 630 2015 nos
663 1963 922 2015 humanae
951 1965 1090 2016 vitae
1121 1964 1383 2017 laboribus
1416 1965 1654 2031 involvit,
1681 1961 1773 2030 hic„
1798 1965 2004 2019 liberat.

170 2047 311 2099 Hinc
342 2048 428 2100 ille
460 2068 568 2101 mos
603 2069 664 2101 ex
695 2051 893 2102 intimis
926 2051 1283 2121 philosophiae
1313 2051 1664 2122 penetralibus
1698 2052 1917 2105 eductus
1950 2054 2005 2105 in

169 2153 381 2187 suorum
424 2150 546 2187 ortu
588 2136 902 2205 lugentium,
948 2151 1109 2207 atque
1149 2139 1204 2190 in
1246 2152 1419 2191 morte
1459 2138 1820 2208 gaudentium.
1901 2139 2003 2192 Sed

171 2240 236 2272 ne
275 2221 338 2272 ab
377 2222 708 2291 opinionibus
748 2223 1039 2292 vulgarium
1079 2224 1394 2290 recedamus,
1435 2245 1462 2276 a
1499 2225 1689 2295 quibus
1729 2239 1923 2291 tamen,
1963 2226 2004 2278 si

96 2334 145 2370 4³
169 2306 233 2358 ad
264 2307 482 2359 salutem
514 2310 792 2378 pergimus,
826 2329 983 2380 quam
1014 2311 1308 2380 longissime
1338 2310 1687 2369 recedendum
1720 2326 1815 2377 est,
1847 2311 2003 2365 detur

169 2393 456 2445 timendam
510 2414 614 2446 esse
663 2411 907 2461 mortem,
961 2411 1014 2449 et
1065 2397 1197 2449 illud
1246 2398 1657 2467 vulgatissimum
1708 2398 2001 2451 Aristotelis

169 2479 446 2532 audiatur:
504 2483 762 2533 ‘mortem
803 2503 906 2534 esse
944 2484 1193 2536 ultimum
1233 2484 1611 2549 terribilium'3
1670 2485 1762 2554 qui
1801 2499 1854 2536 et
1892 2486 2002 2555 ipse

168 2584 380 2635 quoque
412 2567 650 2619 consulto
684 2587 789 2620 non
822 2570 1108 2621 maximum
1143 2570 1315 2621 dicere
1347 2571 1531 2635 voluit,
1564 2570 1653 2622 sed
1686 2584 1998 2624 extremum.

168 2651 269 2703 Sed
317 2666 443 2717 esto,
479 2653 544 2704 sit
590 2654 893 2720 maximum,
928 2670 1149 2725 putasne
1183 2656 1322 2708 illam
1357 2655 1475 2708 ideo
1509 2657 1673 2708 vitare
1707 2658 1829 2727 quia
1865 2657 2002 2710 bello

94 2754 142 2796 45
169 2738 391 2790 abstines
417 2753 508 2790 aut
536 2740 664 2791 mari
694 2744 710 2792 ?
775 2742 981 2793 Notum
1010 2756 1062 2794 et
1089 2742 1219 2795 illud
1245 2742 1452 2794 alterius
1479 2756 1666 2812 poetae
1689 2764 1700 2796 :
1750 2745 1764 2768 ‘
1789 2744 1997 2797 Frustra

168 2837 386 2875 cruento
424 2825 602 2876 Marte
640 2826 925 2879 carebimus
960 2829 1000 2879 F
1005 2829 1262 2898 raetisque
1298 2828 1437 2880 rauci
1475 2828 1719 2880 fluctibus
1753 2829 1998 2897 Hadriae,

169 2910 379 2962 Frustra
453 2929 544 2979 per
621 2926 898 2965 autumnos
974 2929 1251 2967 nocentem
1324 2914 1643 2984 Corporibus
1703 2930 1999 2970 metuemus

165 2995 453 3047 Austrum.'
516 2997 822 3056 Quamlibet
849 3014 1082 3052 exactam
1110 3019 1287 3053 curam
1314 3001 1476 3053 nostri
1502 3001 1728 3070 corporis
1754 3001 1997 3055 habenti-

166 3083 260 3134 bus
301 3083 631 3135 moriendum
674 3099 784 3150 est3
846 3086 935 3138 sed
975 3087 1312 3157 prolatandae
1361 3087 1542 3139 mortis
1591 3086 1825 3140 studium
1866 3089 1997 3142 solet

95 3188 142 3228 50
164 3189 268 3221 esse
295 3170 619 3235 mortalibuS,
648 3173 833 3237 fateor,
864 3187 917 3224 et
947 3174 1329 3226 excusationem
1359 3173 1597 3243 publicae
1623 3173 1996 3229 imbecillitatis

163 3274 399 3324 agnosce.
465 3255 717 3323 Primum,
749 3277 840 3309 oro
873 3272 941 3324 te,
974 3260 1228 3329 quantula
1257 3260 1353 3312 ista
1384 3259 1565 3312 dilatio
1596 3275 1671 3312 est
1700 3265 1717 3313 ἓ
1786 3261 1998 3315 Deinde
