2242 3600
231 175 323 227 168
919 169 1276 222 VRBANO
1330 170 1380 221 V

222 301 372 352 sacris
399 300 606 352 auribus
634 299 735 350 tuis
761 297 999 349 omnium
1025 315 1158 366 quae
1182 296 1264 348 vel
1291 310 1663 350 tuum-nomen
1687 297 1770 350 vel
1794 298 2075 351 conscien*
2139 318 2167 329 ··
2203 324 2207 351 ε
2237 296 2239 314 ¹

225 386 352 437 tiam
384 403 553 437 meam
585 397 851 454 premunt.
920 382 1079 434 Fama
1109 395 1185 433 est
1217 401 1320 433 esse
1350 381 1530 451 palatii
1562 383 1642 435 tui
1671 396 1895 453 partem,
1924 402 2060 453 quae

224 471 390 523 Roma
422 470 632 534 dicitur,
664 487 822 539 quam
853 469 1103 537 ingressus
1132 486 1347 537 sponsae
1379 481 1433 519 te
1463 467 1746 520 reddidisse
1776 482 2059 539 totumque

120 576 200 627 270
222 575 427 626 prorsus
450 555 687 626 implesse
712 554 935 606 Romani
958 553 1223 605 Pontificis
1249 552 1479 606 officium
1503 553 1725 606 videare.
1787 553 1913 607 Noli
1935 573 2058 607 cum

119 612 128 630 ³
221 643 455 713 Domino
482 655 577 694 tuo
600 640 815 706 ludere·
783 681 816 703 ,
862 641 1053 691 frustra
1077 638 1449 691 fallaciunculis
1476 652 1732 704 tentatur,
1759 626 2083 692 dialecticus·

219 747 450 781 summus
483 742 577 793 est,
610 727 694 779 cui
724 725 985 796 sophisma
1017 724 1222 778 nullum
1252 724 1544 790 insolubile,
1575 739 1836 778 scrutator
1866 725 2056 778 infalli-

222 814 335 866 bilis
386 833 443 865 ac
493 811 785 884 profundus
834 810 1083 880 intelligit
1133 811 1474 880 cogitationes
1524 826 1739 877 nostras,
1791 811 1856 865 de
1903 811 2058 882 longe

219 900 426 951 semitas
472 902 687 950 nostras‘
715 911 768 949 et
813 897 1108 950 funiculum
1155 909 1392 948 nostrum
1437 896 1734 965 investigat,
1779 910 1834 948 et
1878 913 2056 948 omnes

126 1008 198 1049 275
223 985 323 1036 vias
351 998 546 1036 nostras
574 982 843 1054 praevidet
873 1023 884 1034 .
915 1023 927 1034 .
959 1023 970 1033 .
1035 981 1172 1051 [God
1197 983 1240 1033 is
1265 994 1348 1033 not
1373 980 1609 1052 mocked.]
1670 983 1783 1034 Nec
1809 1001 1932 1034 vero
1958 981 2059 1034 tibi

220 1073 433 1123 fortuna
479 1069 795 1133 blandiatur,
844 1083 935 1120 tua
982 1088 1075 1120 nec
1123 1082 1176 1120 te
1219 1063 1405 1137 longae
1449 1069 1588 1120 vitae
1632 1088 1744 1139 spes
1791 1068 2056 1139 decipiat3

222 1157 387 1209 brevis
429 1170 505 1208 est
545 1157 653 1207 vita
695 1155 996 1207 mortalium
1037 1155 1366 1224 maximeque
1406 1154 1742 1219 Pontificum,
1782 1174 1872 1206 seu
1912 1153 2058 1224 quod

219 1262 361 1294 senes
411 1242 477 1294 ad
524 1243 665 1294 hunc
713 1255 911 1293 statum
960 1240 1198 1304 veniunt,
1248 1259 1336 1291 seu
1386 1241 1509 1310 quia
1558 1258 1801 1292 curarum
1849 1239 2056 1310 pondus

217 1329 471 1399 laborque
513 1341 797 1398 perpetuus
842 1340 897 1378 et
941 1327 1273 1395 negotiorum
1317 1340 1483 1378 aestus
1529 1345 1730 1378 necesse
1773 1339 1850 1378 est
1893 1326 2057 1379 vitam

124 1432 199 1471 280
219 1416 382 1485 ipsam
404 1414 630 1466 efficiant
651 1413 941 1466 breviorem
965 1454 976 1465 .
1002 1454 1014 1464 .
1039 1454 1051 1464 .
1103 1412 1293 1482 [Death
1319 1424 1446 1463 must
1465 1411 1520 1463 be
1540 1412 1778 1480 regarded
1796 1431 1852 1464 as
1870 1412 2059 1482 always

78 1488 84 1499 ⁸
218 1501 379 1571 near.]
448 1501 588 1552 Cum
623 1500 689 1552 ad
725 1499 954 1552 tribunal
989 1499 1186 1551 Christi
1220 1499 1382 1567 igitur
1415 1512 1634 1551 ventum
1670 1499 1786 1564 erit,
1823 1497 1915 1550 ubi
1950 1517 2057 1551 non

221 1602 280 1640 tu
315 1587 554 1639 dominus
588 1601 642 1639 et
675 1606 764 1639 nos
797 1587 947 1651 servi,
979 1585 1070 1637 sed
1101 1604 1233 1637 unus
1265 1584 1353 1636 ille
1385 1584 1663 1649 Dominu3‚
1697 1603 1787 1636 nos
1824 1584 2056 1638 conservi

218 1693 395 1726 omnes
429 1674 636 1739 erimuS,
665 1692 839 1724 nonne
871 1687 1022 1742 putas
1053 1671 1151 1724 tibi
1185 1671 1418 1723 dicturus
1448 1671 1551 1723 sit:
1600 1671 1614 1695 ‘
1637 1671 1748 1740 Ego
1780 1684 1835 1723 te
1859 1690 1888 1722 a
1919 1684 2057 1724 terra

217 1760 429 1830 inopem
457 1760 704 1812 suscitans
734 1773 787 1811 et
817 1758 882 1810 de
910 1758 1211 1810 humilitate
1240 1771 1331 1809 tua
1359 1757 1573 1826 erigenS,
1604 1776 1710 1809 non
1737 1756 1905 1809 solum
1933 1776 2055 1810 cum

122 1866 194 1916 285
218 1846 539 1916 principibus
567 1845 657 1898 sed
684 1864 839 1915 super
866 1845 1124 1916 principes
1154 1843 1418 1908 collocavi,
1449 1862 1638 1913 eosque
1667 1842 1765 1894 tibi
1794 1841 1860 1894 ad
1886 1862 2056 1912 genua

218 1932 480 2002 pedesque
514 1931 859 2002 procumbere
893 1930 1052 1983 volui.
1108 1929 1196 1982 Tu
1231 1929 1511 1981 Ecclesiam
1547 1947 1716 1981 meam
1753 1929 1852 1981 tibi
1886 1929 2053 1981 credi-

219 2033 328 2070 tam
355 2018 570 2070 ubinam
595 2017 835 2087 gentium
863 2016 1118 2086 reliquisti
1146 2020 1163 2068 ?
1224 2015 1312 2067 Tu
1339 2015 1516 2067 multis
1545 2035 1572 2066 a
1599 2033 1682 2067 me
1711 2014 2054 2084 singularibus

217 2104 525 2173 insignitum
566 2103 731 2168 donis,
771 2102 901 2172 quid
938 2101 1193 2171 singulare
1232 2101 1361 2153 mihi
1400 2115 1605 2171 praeter
1643 2115 1839 2153 ceteros
1878 2101 2054 2154 reddi-

220 2190 359 2256 disti,
400 2190 495 2243 nisi
534 2190 679 2260 quod
700 2189 897 2255 ᾖξθςάἱεῖί
946 2189 1002 2240 in
1052 2208 1182 2258 rupe
1225 2187 1580 2252 Avinionensi,
1619 2187 1874 2257 Tarpeiae
1912 2187 2054 2259 rupis

121 2298 195 2338 290
218 2276 447 2329 oblitus?
501 2276 585 2328 An
613 2295 698 2328 me
725 2275 905 2340 crediS,
930 2275 1057 2327 dum
1085 2293 1259 2327 rerum
1288 2288 1447 2344 caput
1475 2274 1735 2343 eligerem,
1758 2292 1865 2326 non
1893 2273 2052 2326 alium

217 2362 404 2431 eligere
451 2362 725 2432 potuisse?
810 2361 895 2413 An
944 2361 1252 2414 electionem
1302 2379 1471 2413 meam
1518 2360 1880 2430 iudiciumque
1926 2374 2087 2413 con-'

218 2449 405 2500 temnis
435 2452 452 2500 ?
518 2447 713 2518 Tuque
741 2448 796 2499 in
826 2448 1024 2518 primiS,
1055 2448 1147 2517 qui
1176 2447 1411 2518 priorum
1450 2446 1764 2516 corrigendis
1794 2447 2052 2500 erroribus

218 2534 524 2586 mirabiliter
550 2553 643 2604 per
669 2553 753 2586 me
783 2547 1092 2604 assumptus,
1120 2532 1251 2585 nihil
1276 2533 1484 2603 penitus
1511 2532 1576 2584 ab
1601 2532 1812 2586 illorum
1840 2533 2053 2586 tramite

219 2620 503 2685 declinasti,
546 2621 774 2689 ingressu
818 2619 1089 2685 dissimilis,
1132 2620 1313 2672 ceteris
1355 2638 1625 2690 progressu
1666 2618 1955 2672 simillimus
1997 2633 2053 2672 et

120 2723 193 2765 295
217 2700 416 2776 egressu
445 2710 463 2759 ἓ
489 2708 502 2731 ’
542 2747 554 2759 .
594 2709 606 2759 ’.
645 2747 658 2759 .
731 2706 835 2776 [He
861 2706 1068 2759 believes
1096 2707 1206 2758 that
1233 2706 1311 2759 the
1337 2706 1467 2776 Pope
1497 2706 1603 2758 will
1630 2705 1798 2776 prefer
1834 2705 1968 2758 truth
2007 2718 2052 2759 to

200 2792 460 2864 flattery]

282 2878 371 2931 Tu
414 2897 537 2931 vero
581 2897 720 2930 nunc
765 2878 966 2931 reiectis
1009 2878 1391 2932 consultoribus
1434 2878 1593 2944 vaniS‚
1639 2892 1815 2931 tecum
1858 2878 2049 2948 cogita,

218 2980 500 3036 tecumque
536 2964 780 3030 delibera,
814 2985 880 3018 an
914 2965 1060 3035 quod
1089 2978 1322 3035 superest
1358 2965 1607 3034 temporis
1640 2965 1697 3016 in
1730 2983 1891 3018 caeno
1921 2963 2047 3018 Avi-

217 3052 449 3104 nionensi
485 3071 634 3120 agere
665 3051 807 3103 malis
840 3071 905 3103 an
941 3052 1154 3117 Romae,
1187 3070 1321 3121 quae
1353 3065 1465 3103 tota
1501 3070 1619 3102 caro
1649 3064 1704 3102 et
1737 3050 1939 3120 sanguis
1970 3065 2048 3103 est

119 3162 193 3202 300
216 3152 542 3207 martyrum3
598 3157 663 3189 an
696 3138 752 3189 in
784 3157 903 3190 saxo
936 3138 1026 3190 illo
1060 3152 1114 3190 et
1146 3138 1202 3189 in
1234 3137 1320 3189 illa
1354 3151 1632 3190 ventorum
1667 3137 1851 3207 patria,
1887 3155 2046 3207 quam

216 3244 355 3278 nunc
406 3224 546 3290 colis,
596 3244 662 3276 an
711 3225 767 3276 in
814 3224 1069 3277 Vaticano
1119 3224 1293 3294 potius
1344 3223 1548 3295 sepeliri
1599 3223 1770 3293 eligas,
1798 3223 2045 3277 ‘locorum
