2242 3600
697 172 970 244 NERIO
1027 170 1484 226 MORANDO
1912 188 2007 242 119

231 304 377 365 Quid
418 305 538 357 vis?
618 304 876 358 Paulatim
918 304 1007 356 ille
1048 304 1278 374 priorem
1320 304 1504 368 vitam,
1550 316 1693 354 actus
1738 315 1791 353 et
1834 300 2007 353 studia

164 409 438 462 moresque
470 388 751 457 dedidicit,‘
776 405 829 444 et
861 411 1026 462 paene
1058 409 1214 443 omne
1246 378 1392 460 qu’od
1423 391 1612 454 fuerat,
1645 388 1716 440 sic
1749 387 1911 452 exuit,
1946 400 2007 439 ut
2028 405 2078 447 35

162 478 241 531 5111
261 497 440 531 01111105
462 479 720 532 mirentur
741 499 797 532 ac
817 493 1081 550 stupeant.
1144 477 1230 531 Ad
1255 492 1571 542 extremum,
1588 495 1673 528 me
1693 475 2008 527 dehortante

163 578 217 616 et
260 565 460 636 saepius
501 565 835 631 admonente,
876 585 942 618 ne
989 585 1102 618 sero
1151 565 1448 618 litterarum
1498 563 1674 617 studio
1718 581 1896 615 curam
1934 560 2007 613 rei

162 652 427 704 familiaris
470 652 697 717 abiiciat,
740 652 806 704 ad
846 652 947 704 hoc
988 670 1155 705 unum
1197 652 1328 703 mihi
1367 643 1554 704 surdus
1596 663 1650 703 et
1690 647 2007 712 incredulus,

163 738 404 806 fabrilem
442 739 669 791 deseruit
706 738 986 804 officinam,
996 739 1352 808 gymnasium
1390 752 1443 790 et
1483 737 1676 790 artium
1712 734 2007 787 liberalium

164 826 433 895 magistros
459 826 604 891 colit,
632 825 982 878 delectatione
1007 825 1210 890 eximia,
1238 825 1367 877 mira
1391 844 1497 895 spe,
1524 841 1683 895 quam
1708 824 2006 874 fortunatus
2031 842 2081 878 40

162 912 459 965 studiorum
499 913 688 978 nesciO,
728 912 818 965 sed
857 913 1054 978 votiv0,
1095 912 1192 964 nisi
1231 912 1397 977 fallor,
1439 911 1624 981 dignus
1664 922 1875 973 eventu,
1916 908 2009 978 qui

166 1012 317 1051 tanto
339 1000 545 1070 impetu
570 1013 679 1052 tam
702 999 978 1052 honestam
1002 1018 1112 1052 rem
1138 1013 1398 1070 tantoque·
1419 998 1744 1070 reliquorum
1767 995 2007 1048 omnium

164 1099 479 1156 contemptu
535 1100 768 1157 appetat.
860 1087 928 1138 Et
982 1085 1080 1138 sibi
1134 1085 1351 1156 quidem
1405 1084 1676 1154 ingenium
1730 1084 2009 1152 fervorque

165 1172 343 1237 animi,
389 1172 592 1224 civitati
645 1186 822 1224 autem
874 1171 952 1223 illi
1005 1171 1373 1240 magistrorum
1426 1170 1576 1240 copia
1627 1187 1833 1238 semper
1884 1167 2006 1219 fuit.

167 1258 390 1311 Obstare
421 1258 527 1311 sola
559 1258 770 1311 videtur
804 1272 940 1331 30135
974 1258 1235 1322 11011111115;
1291 1257 1526 1328 quamvis
1560 1270 1614 1309 et
1647 1255 2009 1323 Rlatonem⁹et
2030 1271 2079 1312 45

122 1380 128 1386 -
166 1345 426 1397 Catonem
458 1344 582 1398 tales
612 1346 766 1411 virOS,
797 1344 948 1397 illum
979 1359 1227 1416 provecta
1258 1358 1430 1397 aetate
1459 1342 1835 1414 philosophiae,
1867 1341 2008 1393 hunc

164 1433 220 1484 in
252 1446 523 1485 senectute
543 1432 742 1509 “lit-teris
777 1432 950 1505 Graiis
983 1431 1126 1485 haud
1158 1433 1350 1484 frustra
1384 1449 1597 1502 operam
1632 1429 1830 1481 dedisse
1864 1446 2007 1480 com-

166 1533 378 1588 pertum
396 1520 463 1572 sit
486 1540 499 1584 ;
539 1521 753 1572 fortasse
774 1533 951 1572 autem
971 1518 1055 1570 hic
1076 1537 1220 1572 meus
1241 1518 1308 1571 ob
1329 1518 1428 1570 hoc
1448 1518 1619 1588 ipsum
1640 1535 1745 1568 non
1764 1514 2007 1583 indignus

166 1606 344 1672 fuerit,
386 1606 478 1676 qui
519 1606 691 1677 aliqua
731 1606 787 1658 in
827 1619 978 1676 parte
1018 1605 1122 1657 mei
1163 1605 1332 1676 operis
1373 1603 1606 1656 inveniat
1646 1602 1839 1654 locum.
1917 1601 2009 1653 Est

164 1693 327 1763 igitur
375 1694 488 1746 viro
538 1712 732 1746 nomen
782 1693 1059 1758 Henricus,
1111 1705 1526 1763 cognomentum
1577 1690 1766 1762 ῼ3Ρ13,
1819 1686 2010 1740 animal
2031 1708 2081 1748 50

167 1780 491 1851 expeditum,
537 1781 842 1851 impigrum,
888 1780 1088 1833 frondis
1135 1799 1328 1845 amans,
1376 1793 1429 1831 et
1475 1792 1662 1830 natura
1705 1795 1910 1846 semper
1954 1776 2010 1827 in

167 1867 333 1920 altum
374 1868 562 1920 nitens,
634 1867 768 1920 Inde
806 1881 984 1920 autem
1025 1868 1228 1920 dictum
1262 1867 1427 1919 Varro
1468 1865 1688 1918 extimat
1729 1862 1874 1933 quod
1905 1863 2007 1914 vir-

165 1955 374 2025 gultum
409 1968 604 2025 carpat,
640 1968 701 2007 ut
735 1955 802 2007 sit
836 1973 1006 2025 capra,
1042 1967 1395 2024 transportata
1427 1952 1621 2016 littera,
1657 1952 1802 2021 quasi
1836 1969 2006 2019 carpa.

167 2041 327 2103 Quod
358 2042 398 2094 si
432 2042 696 2112 cuiquam,
730 2041 872 2094 haud
907 2041 1066 2095 dubie
1098 2042 1221 2094 huic
1255 2054 1434 2093 nostro
1468 2038 1710 2091 debitum
1742 2037 1883 2102 50135,
1918 2036 2010 2106 qui

165 2131 206 2182 si
245 2148 398 2181 mane
435 2128 616 2182 silvam
656 2129 929 2199 attigisset,
970 2128 1123 2181 crede
1162 2128 1311 2194 mihi,
1352 2127 1642 2180 distentum
1682 2125 1811 2178 uber
1851 2137 2011 2194 atque
2034 2143 2081 2187 35

167 2231 379 2270 uterum
406 2216 684 2269 retulisset.

236 2304 380 2356 Haec
422 2303 520 2355 tibi
563 2303 689 2355 olim
730 2317 920 2356 cuncta
963 2303 1258 2368 notissima,
1287 2301 1378 2354 sed
1419 2299 1676 2354 noscenda
1719 2299 1825 2350 aliis
1870 2298 2010 2350 dicta

166 2404 305 2443 sunt.
366 2389 527 2450 Quod
549 2390 788 2460 sequitur
813 2389 984 2442 adhuc
1009 2390 1186 2442 1105015.
1246 2389 1349 2441 Η10
1375 2407 1497 2458 ergo
1522 2387 1636 2439 talis
1659 2387 1714 2438 in
1738 2405 1789 2438 se
1814 2399 1867 2437 et
1892 2404 2009 2455 erga

169 2496 254 2530 me
296 2476 410 2529 talis
450 2476 762 2529 iamdudum
805 2496 952 2529 orare
992 2476 1205 2542 institit,
1249 2490 1310 2528 ut
1352 2494 1510 2545 seque
1549 2492 1809 2543 suumque
1848 2471 2009 2524 larem

169 2564 399 2616 adventu
426 2563 666 2633 dignarer
700 2582 836 2628 meo,
873 2577 926 2615 et
966 2563 1117 2615 unius
1156 2562 1339 2614 saltem
1373 2556 1500 2613 luci‘s
1536 2579 1698 2624 mora,
1733 2558 1867 2611 sicut
1900 2558 2012 2628 ipse
2033 2571 2083 2611 60

169 2650 358 2715 aiebat,
390 2650 631 2702 omnibus
669 2650 878 2702 saeculis
916 2649 1197 2719 gloriosum
1237 2669 1293 2701 ac
1332 2648 1537 2701 felicem
1575 2649 1813 2699 facerem.
1892 2645 2009 2696 Hoc

170 2737 277 2789 eius
308 2736 620 2789 desiderium
651 2756 758 2789 non
789 2737 983 2807 absque
1015 2736 1326 2789 difficultate
1358 2735 1558 2806 aliquot
1590 2734 1693 2785 iam
1728 2751 1821 2802 per
1851 2750 2009 2783 annos

171 2838 444 2876 traxeram.
523 2824 681 2875 Nunc
725 2823 940 2876 tandem
982 2837 1035 2875 et
1076 2823 1347 2875 vicinitate
1385 2821 1487 2874 loci
1529 2834 1582 2873 et
1624 2839 1730 2871 non
1770 2817 2009 2889 precibus

169 2910 337 2962 solum
373 2909 463 2962 sed
499 2910 942 2962 obsecrationibus
979 2924 1032 2961 et
1067 2909 1288 2961 lacrimis
1326 2908 1482 2961 evicit
1519 2921 1580 2960 ut
1616 2905 1869 2970 flecteret,
1907 2903 2008 2955 ela-

171 2996 390 3048 tioribus
413 2996 538 3048 11001
563 2997 738 3048 amicis
763 2996 1111 3062 obstantibu8‚
1137 2996 1325 3067 quibus
1350 2995 1548 3047 honore
1571 2992 1785 3062 indigna
1808 2989 2008 3043 videre·
2033 3006 2082 3057 65

171 3097 258 3136 tur
302 3082 583 3135 humilitas,
662 3083 797 3153 Veni
831 3103 962 3179 ‘ergo
1006 3068 1329 3162 Pergam-Q
1364 3101 1442 3134 111.
1487 3080 1610 3132 Idus
1655 3078 1899 3131 Octobris
1945 3076 2011 3129 ad

170 3188 436 3241 vesperam
466 3168 651 3221 eodem
673 3139 767 3221 illo
794 3170 907 3222 viae
936 3160 1098 3221 duce
1097 3169 1192 3239 qui
1201 3169 1458 3223 hortator
1486 3169 1676 3231 fuerat,
1706 3179 1760 3218 et
1788 3163 2012 3217 subinde

175 3256 440 3328 trepidulo
471 3275 537 3308 ne
567 3274 653 3309 me
684 3256 899 3309 interim
930 3255 1128 3309 consilii
1159 3256 1469 3327 paeniteret,
1502 3268 1662 3324 atque
1691 3251 1811 3304 ideo
1842 3250 2008 3303 modis
