<?xml version="1.0" encoding="UTF-8"?>
<!DOCTYPE html PUBLIC "-//W3C//DTD XHTML 1.0 Transitional//EN"
    "http://www.w3.org/TR/xhtml1/DTD/xhtml1-transitional.dtd">
<html xmlns="http://www.w3.org/1999/xhtml" xml:lang="en" lang="en">
 <head>
  <title>
</title>
<meta http-equiv="Content-Type" content="text/html;charset=utf-8" />
  <meta name='ocr-system' content='tesseract 3.04.00' />
  <meta name='ocr-capabilities' content='ocr_page ocr_carea ocr_par ocr_line ocrx_word'/>
</head>
<body>
  <div class='ocr_page' id='page_1' title='image "./epistolaeselecta00petruoft_0026.png"; bbox 0 0 2242 3600; ppageno 0'>
   <div class='ocr_carea' id='block_1_1' title="bbox 198 188 1608 245">
    <p class='ocr_par' dir='ltr' id='par_1_1' title="bbox 198 188 1608 245">
     <span class='ocr_line' id='line_1_1' title="bbox 198 188 1608 245; baseline 0.004 -5"><span class='ocrx_word' id='word_1_1' title='bbox 198 202 260 240; x_wconf 92' lang='lat'><strong>10</strong></span> <span class='ocrx_word' id='word_1_2' title='bbox 607 188 1000 243; x_wconf 86' lang='lat' dir='ltr'><strong>-THOMAE</strong></span> <span class='ocrx_word' id='word_1_3' title='bbox 1059 190 1608 245; x_wconf 91' lang='lat' dir='ltr'>MESSANENSI</span> 
     </span>
    </p>
   </div>
   <div class='ocr_carea' id='block_1_2' title="bbox 561 405 1664 468">
    <p class='ocr_par' dir='ltr' id='par_1_2' title="bbox 561 405 1664 468">
     <span class='ocr_line' id='line_1_2' title="bbox 561 405 1664 468; baseline 0.003 -5"><span class='ocrx_word' id='word_1_4' title='bbox 561 407 610 464; x_wconf 71' lang='grc' dir='ltr'><strong>ῗΤ</strong></span> <span class='ocrx_word' id='word_1_5' title='bbox 613 406 806 464; x_wconf 83' lang='lat' dir='ltr'><strong>homae</strong></span> <span class='ocrx_word' id='word_1_6' title='bbox 833 405 1211 467; x_wconf 85' lang='lat' dir='ltr'><strong>Messanensi.</strong></span> <span class='ocrx_word' id='word_1_7' title='bbox 1295 409 1459 468; x_wconf 88' lang='lat' dir='ltr'><em>Fam.</em></span> <span class='ocrx_word' id='word_1_8' title='bbox 1493 408 1576 466; x_wconf 90' lang='lat' dir='ltr'><strong>iii.</strong></span> <span class='ocrx_word' id='word_1_9' title='bbox 1615 426 1664 466; x_wconf 92' lang='lat'><strong>1.</strong></span> 
     </span>
    </p>
   </div>
   <div class='ocr_carea' id='block_1_3' title="bbox 199 551 2024 676">
    <p class='ocr_par' dir='ltr' id='par_1_3' title="bbox 199 551 2024 676">
     <span class='ocr_line' id='line_1_3' title="bbox 199 551 2024 676; baseline 0.001 -70"><span class='ocrx_word' id='word_1_10' title='bbox 199 551 293 676; x_wconf 79' lang='grc' dir='ltr'>Ρ</span> <span class='ocrx_word' id='word_1_11' title='bbox 310 555 763 607; x_wconf 87' lang='lat' dir='ltr'><strong>ERAMBVLAN</strong></span> <span class='ocrx_word' id='word_1_12' title='bbox 767 555 845 606; x_wconf 96' lang='lat' dir='ltr'><strong>TI</strong></span> <span class='ocrx_word' id='word_1_13' title='bbox 866 569 1102 607; x_wconf 89' lang='lat' dir='ltr'><strong>veterum</strong></span> <span class='ocrx_word' id='word_1_14' title='bbox 1121 557 1361 622; x_wconf 88' lang='lat' dir='ltr'><strong>confinia,</strong></span> <span class='ocrx_word' id='word_1_15' title='bbox 1381 576 1580 608; x_wconf 87' lang='lat' dir='ltr'><strong>accessu</strong></span> <span class='ocrx_word' id='word_1_16' title='bbox 1598 556 1813 627; x_wconf 91' lang='lat' dir='ltr'><strong>quidem</strong></span> <span class='ocrx_word' id='word_1_17' title='bbox 1832 576 2024 627; x_wconf 88' lang='lat' dir='ltr'><strong>aspera,</strong></span> 
     </span>
    </p>
   </div>
   <div class='ocr_carea' id='block_1_4' title="bbox 120 640 2037 3207">
    <p class='ocr_par' dir='ltr' id='par_1_4' title="bbox 120 640 2037 1483">
     <span class='ocr_line' id='line_1_4' title="bbox 309 640 2026 712; baseline 0.002 -21"><span class='ocrx_word' id='word_1_18' title='bbox 309 640 399 691; x_wconf 89' lang='lat' dir='ltr'><strong>sed</strong></span> <span class='ocrx_word' id='word_1_19' title='bbox 426 659 640 692; x_wconf 89' lang='lat' dir='ltr'><strong>amoena</strong></span> <span class='ocrx_word' id='word_1_20' title='bbox 672 641 798 692; x_wconf 91' lang='lat' dir='ltr'><strong>dum</strong></span> <span class='ocrx_word' id='word_1_21' title='bbox 826 642 1135 710; x_wconf 85' lang='lat' dir='ltr'><strong>perveneris,</strong></span> <span class='ocrx_word' id='word_1_22' title='bbox 1163 642 1342 694; x_wconf 90' lang='lat' dir='ltr'><strong>creber</strong></span> <span class='ocrx_word' id='word_1_23' title='bbox 1368 643 1636 712; x_wconf 90' lang='lat' dir='ltr'><strong>scrupulus</strong></span> <span class='ocrx_word' id='word_1_24' title='bbox 1671 643 1866 711; x_wconf 89' lang='lat' dir='ltr'><strong>ingenii</strong></span> <span class='ocrx_word' id='word_1_25' title='bbox 1892 642 2026 712; x_wconf 87' lang='lat' dir='ltr'><strong>pede</strong></span> 
     </span>
     <span class='ocr_line' id='line_1_5' title="bbox 191 725 2026 797; baseline 0.002 -22"><span class='ocrx_word' id='word_1_26' title='bbox 191 725 462 778; x_wconf 91' lang='lat' dir='ltr'><strong>calcandus</strong></span> <span class='ocrx_word' id='word_1_27' title='bbox 489 741 580 779; x_wconf 87' lang='lat' dir='ltr'><strong>est.</strong></span> <span class='ocrx_word' id='word_1_28' title='bbox 656 728 773 778; x_wconf 92' lang='lat' dir='ltr'><strong>Hoc</strong></span> <span class='ocrx_word' id='word_1_29' title='bbox 798 746 936 792; x_wconf 89' lang='lat' dir='ltr'><strong>sane,</strong></span> <span class='ocrx_word' id='word_1_30' title='bbox 964 746 1121 797; x_wconf 91' lang='lat' dir='ltr'><strong>quem</strong></span> <span class='ocrx_word' id='word_1_31' title='bbox 1151 742 1210 779; x_wconf 90' lang='lat' dir='ltr'><strong>tu</strong></span> <span class='ocrx_word' id='word_1_32' title='bbox 1239 727 1337 779; x_wconf 92' lang='lat' dir='ltr'><strong>tibi</strong></span> <span class='ocrx_word' id='word_1_33' title='bbox 1364 747 1531 797; x_wconf 88' lang='lat' dir='ltr'><strong>nuper</strong></span> <span class='ocrx_word' id='word_1_34' title='bbox 1551 729 1804 780; x_wconf 91' lang='lat' dir='ltr'><strong>iniectum</strong></span> <span class='ocrx_word' id='word_1_35' title='bbox 1831 727 2026 792; x_wconf 89' lang='lat' dir='ltr'><strong>scribis,</strong></span> 
     </span>
     <span class='ocr_line' id='line_1_6' title="bbox 191 813 2027 884; baseline 0.001 -21"><span class='ocrx_word' id='word_1_36' title='bbox 191 831 285 880; x_wconf 88' lang='lat' dir='ltr'><strong>ego</strong></span> <span class='ocrx_word' id='word_1_37' title='bbox 331 813 639 882; x_wconf 88' lang='lat' dir='ltr'><strong>iampridem</strong></span> <span class='ocrx_word' id='word_1_38' title='bbox 692 832 918 882; x_wconf 91' lang='lat' dir='ltr'><strong>premor,</strong></span> <span class='ocrx_word' id='word_1_39' title='bbox 971 832 1270 883; x_wconf 86' lang='lat' dir='ltr'><strong>quaeroque</strong></span> <span class='ocrx_word' id='word_1_40' title='bbox 1319 813 1505 866; x_wconf 91' lang='lat' dir='ltr'><strong>itidem</strong></span> <span class='ocrx_word' id='word_1_41' title='bbox 1557 833 1782 884; x_wconf 91' lang='lat' dir='ltr'><strong>quanam</strong></span> <span class='ocrx_word' id='word_1_42' title='bbox 1840 813 2027 866; x_wconf 91' lang='lat' dir='ltr'><strong>mundi</strong></span> 
     </span>
     <span class='ocr_line' id='line_1_7' title="bbox 144 899 2028 970; baseline 0.001 -20"><span class='ocrx_word' id='word_1_43' title='bbox 144 922 166 962; x_wconf 88' lang='lat'><strong>5</strong></span> <span class='ocrx_word' id='word_1_44' title='bbox 191 913 339 967; x_wconf 90' lang='lat' dir='ltr'><strong>parte</strong></span> <span class='ocrx_word' id='word_1_45' title='bbox 364 900 540 951; x_wconf 92' lang='lat' dir='ltr'><strong>Thule</strong></span> <span class='ocrx_word' id='word_1_46' title='bbox 566 901 632 952; x_wconf 88' lang='lat' dir='ltr'><strong>sit</strong></span> <span class='ocrx_word' id='word_1_47' title='bbox 658 900 823 952; x_wconf 87' lang='lat' dir='ltr'><strong>insula</strong></span> <span class='ocrx_word' id='word_1_48' title='bbox 845 921 858 964; x_wconf 90' lang='lat'>;</span> <span class='ocrx_word' id='word_1_49' title='bbox 903 919 1114 970; x_wconf 87' lang='lat' dir='ltr'><strong>quaero,</strong></span> <span class='ocrx_word' id='word_1_50' title='bbox 1136 899 1242 965; x_wconf 88' lang='lat' dir='ltr'><strong>sed,</strong></span> <span class='ocrx_word' id='word_1_51' title='bbox 1266 915 1326 952; x_wconf 89' lang='lat' dir='ltr'><strong>ut</strong></span> <span class='ocrx_word' id='word_1_52' title='bbox 1351 919 1533 953; x_wconf 88' lang='lat' dir='ltr'><strong>verum</strong></span> <span class='ocrx_word' id='word_1_53' title='bbox 1560 904 1742 965; x_wconf 77' lang='lat' dir='ltr'><strong>fatear,</strong></span> <span class='ocrx_word' id='word_1_54' title='bbox 1766 920 1860 952; x_wconf 90' lang='lat' dir='ltr'><strong>nec</strong></span> <span class='ocrx_word' id='word_1_55' title='bbox 1881 914 2028 952; x_wconf 90' lang='lat' dir='ltr'><strong>certo</strong></span> 
     </span>
     <span class='ocr_line' id='line_1_8' title="bbox 190 986 2026 1056; baseline 0.001 -20"><span class='ocrx_word' id='word_1_56' title='bbox 190 986 362 1037; x_wconf 90' lang='lat' dir='ltr'><strong>indice</strong></span> <span class='ocrx_word' id='word_1_57' title='bbox 392 1006 486 1037; x_wconf 92' lang='lat' dir='ltr'><strong>nec</strong></span> <span class='ocrx_word' id='word_1_58' title='bbox 515 986 577 1037; x_wconf 92' lang='lat' dir='ltr'><strong>ad</strong></span> <span class='ocrx_word' id='word_1_59' title='bbox 606 1006 714 1038; x_wconf 90' lang='lat' dir='ltr'><strong>rem</strong></span> <span class='ocrx_word' id='word_1_60' title='bbox 749 986 1061 1038; x_wconf 87' lang='lat' dir='ltr'><strong>ducentibus</strong></span> <span class='ocrx_word' id='word_1_61' title='bbox 1101 987 1410 1038; x_wconf 88' lang='lat' dir='ltr'><strong>coniecturis</strong></span> <span class='ocrx_word' id='word_1_62' title='bbox 1440 1000 1531 1038; x_wconf 94' lang='lat' dir='ltr'><strong>aut</strong></span> <span class='ocrx_word' id='word_1_63' title='bbox 1560 988 1721 1056; x_wconf 84' lang='lat' dir='ltr'>ipsam</span> <span class='ocrx_word' id='word_1_64' title='bbox 1751 1001 1842 1039; x_wconf 90' lang='lat' dir='ltr'><strong>aut</strong></span> <span class='ocrx_word' id='word_1_65' title='bbox 1868 987 2026 1039; x_wconf 91' lang='lat' dir='ltr'><strong>ullam</strong></span> 
     </span>
     <span class='ocr_line' id='line_1_9' title="bbox 190 1070 2030 1147; baseline 0.002 -25"><span class='ocrx_word' id='word_1_66' title='bbox 190 1070 489 1123; x_wconf 89' lang='lat' dir='ltr'><strong>inveniendi</strong></span> <span class='ocrx_word' id='word_1_67' title='bbox 516 1091 659 1141; x_wconf 89' lang='lat' dir='ltr'><strong>spem</strong></span> <span class='ocrx_word' id='word_1_68' title='bbox 685 1072 912 1123; x_wconf 88' lang='lat' dir='ltr'><strong>invenio.</strong></span> <span class='ocrx_word' id='word_1_69' title='bbox 965 1071 1034 1123; x_wconf 91' lang='lat' dir='ltr'><strong>Et</strong></span> <span class='ocrx_word' id='word_1_70' title='bbox 1060 1071 1186 1123; x_wconf 90' lang='lat' dir='ltr'><strong>haec</strong></span> <span class='ocrx_word' id='word_1_71' title='bbox 1215 1071 1313 1123; x_wconf 90' lang='lat' dir='ltr'><strong>tibi</strong></span> <span class='ocrx_word' id='word_1_72' title='bbox 1341 1072 1554 1142; x_wconf 90' lang='lat' dir='ltr'><strong>quidem</strong></span> <span class='ocrx_word' id='word_1_73' title='bbox 1583 1093 1644 1124; x_wconf 82' lang='lat' dir='ltr'><strong>ex</strong></span> <span class='ocrx_word' id='word_1_74' title='bbox 1672 1073 1789 1142; x_wconf 90' lang='lat' dir='ltr'><strong>ipsis</strong></span> <span class='ocrx_word' id='word_1_75' title='bbox 1819 1073 2030 1147; x_wconf 24' lang='lat' dir='ltr'><strong>Britan-J</strong></span> 
     </span>
     <span class='ocr_line' id='line_1_10' title="bbox 192 1158 2026 1229; baseline 0.001 -20"><span class='ocrx_word' id='word_1_76' title='bbox 192 1159 293 1209; x_wconf 92' lang='lat' dir='ltr'><strong>nici</strong></span> <span class='ocrx_word' id='word_1_77' title='bbox 345 1158 540 1210; x_wconf 88' lang='lat' dir='ltr'><strong>Oceani</strong></span> <span class='ocrx_word' id='word_1_78' title='bbox 590 1158 849 1224; x_wconf 87' lang='lat' dir='ltr'><strong>litoribus,</strong></span> <span class='ocrx_word' id='word_1_79' title='bbox 891 1159 1255 1228; x_wconf 86' lang='lat' dir='ltr'><strong>propinquior,</strong></span> <span class='ocrx_word' id='word_1_80' title='bbox 1297 1172 1359 1210; x_wconf 93' lang='lat' dir='ltr'><strong>ut</strong></span> <span class='ocrx_word' id='word_1_81' title='bbox 1409 1161 1545 1210; x_wconf 75' lang='lat' dir='ltr'><strong>sama</strong></span> <span class='ocrx_word' id='word_1_82' title='bbox 1592 1174 1686 1224; x_wconf 88' lang='lat' dir='ltr'><strong>est,</strong></span> <span class='ocrx_word' id='word_1_83' title='bbox 1728 1160 1824 1229; x_wconf 90' lang='lat' dir='ltr'><strong>ipsi</strong></span> <span class='ocrx_word' id='word_1_84' title='bbox 1868 1177 2026 1229; x_wconf 91' lang='lat' dir='ltr'><strong>quam</strong></span> 
     </span>
     <span class='ocr_line' id='line_1_11' title="bbox 190 1240 2029 1311; baseline 0.001 -19"><span class='ocrx_word' id='word_1_85' title='bbox 190 1242 499 1309; x_wconf 83' lang='lat' dir='ltr'><strong>vestigamus</strong></span> <span class='ocrx_word' id='word_1_86' title='bbox 521 1241 733 1306; x_wconf 90' lang='lat' dir='ltr'><strong>insulae,</strong></span> <span class='ocrx_word' id='word_1_87' title='bbox 751 1241 919 1292; x_wconf 89' lang='lat' dir='ltr'><strong>scribo</strong></span> <span class='ocrx_word' id='word_1_88' title='bbox 943 1282 953 1292; x_wconf 96' lang='lat'>.</span> <span class='ocrx_word' id='word_1_89' title='bbox 979 1283 990 1293; x_wconf 91' lang='lat'><strong>.</strong></span> <span class='ocrx_word' id='word_1_90' title='bbox 1017 1283 1027 1293; x_wconf 94' lang='lat'><strong>.</strong></span> <span class='ocrx_word' id='word_1_91' title='bbox 1092 1240 1222 1310; x_wconf 72' lang='lat' dir='ltr'><strong>[The</strong></span> <span class='ocrx_word' id='word_1_92' title='bbox 1243 1242 1441 1294; x_wconf 82' lang='lat' dir='ltr'><strong>ancient</strong></span> <span class='ocrx_word' id='word_1_93' title='bbox 1460 1244 1651 1294; x_wconf 81' lang='lat' dir='ltr'><strong>writers</strong></span> <span class='ocrx_word' id='word_1_94' title='bbox 1670 1242 1851 1311; x_wconf 81' lang='lat' dir='ltr'><strong>placed</strong></span> <span class='ocrx_word' id='word_1_95' title='bbox 1871 1242 2029 1294; x_wconf 72' lang='lat' dir='ltr'><strong>Thule</strong></span> 
     </span>
     <span class='ocr_line' id='line_1_12' title="bbox 124 1327 2037 1399; baseline -0.001 -17"><span class='ocrx_word' id='word_1_96' title='bbox 124 1356 169 1382; x_wconf 91' lang='lat'><strong>10</strong></span> <span class='ocrx_word' id='word_1_97' title='bbox 193 1328 246 1378; x_wconf 82' lang='lat' dir='ltr'><strong>in</strong></span> <span class='ocrx_word' id='word_1_98' title='bbox 275 1328 352 1378; x_wconf 86' lang='lat' dir='ltr'><strong>the</strong></span> <span class='ocrx_word' id='word_1_99' title='bbox 373 1328 673 1392; x_wconf 84' lang='lat' dir='ltr'><strong>north—west,</strong></span> <span class='ocrx_word' id='word_1_100' title='bbox 696 1329 782 1379; x_wconf 85' lang='lat' dir='ltr'><strong>but</strong></span> <span class='ocrx_word' id='word_1_101' title='bbox 807 1329 865 1379; x_wconf 87' lang='lat' dir='ltr'><strong>he</strong></span> <span class='ocrx_word' id='word_1_102' title='bbox 875 1327 1019 1394; x_wconf 89' lang='lat' dir='ltr'><strong>finds</strong></span> <span class='ocrx_word' id='word_1_103' title='bbox 1047 1328 1126 1379; x_wconf 87' lang='lat' dir='ltr'><strong>the</strong></span> <span class='ocrx_word' id='word_1_104' title='bbox 1152 1327 1463 1379; x_wconf 83' lang='lat' dir='ltr'><strong>inhabitants</strong></span> <span class='ocrx_word' id='word_1_105' title='bbox 1489 1328 1546 1397; x_wconf 86' lang='lat' dir='ltr'><strong>of</strong></span> <span class='ocrx_word' id='word_1_106' title='bbox 1565 1329 1643 1380; x_wconf 89' lang='lat' dir='ltr'><strong>the</strong></span> <span class='ocrx_word' id='word_1_107' title='bbox 1670 1328 1956 1380; x_wconf 85' lang='lat' dir='ltr'><strong>north-west</strong></span> <span class='ocrx_word' id='word_1_108' title='bbox 1981 1327 2037 1399; x_wconf 84' lang='lat' dir='ltr'><strong>of</strong></span> 
     </span>
     <span class='ocr_line' id='line_1_13' title="bbox 120 1413 958 1483; baseline 0.001 -19"><span class='ocrx_word' id='word_1_109' title='bbox 120 1444 125 1448; x_wconf 66' lang='lat'>‚</span> <span class='ocrx_word' id='word_1_110' title='bbox 190 1414 381 1482; x_wconf 81' lang='lat' dir='ltr'><strong>Europe</strong></span> <span class='ocrx_word' id='word_1_111' title='bbox 408 1413 546 1465; x_wconf 81' lang='lat' dir='ltr'><strong>know</strong></span> <span class='ocrx_word' id='word_1_112' title='bbox 571 1414 774 1482; x_wconf 82' lang='lat' dir='ltr'><strong>nothing</strong></span> <span class='ocrx_word' id='word_1_113' title='bbox 800 1414 856 1482; x_wconf 87' lang='lat' dir='ltr'><strong>of</strong></span> <span class='ocrx_word' id='word_1_114' title='bbox 874 1413 958 1483; x_wconf 84' lang='lat' dir='ltr'><strong>it.]</strong></span> 
     </span>
    </p>

    <p class='ocr_par' dir='ltr' id='par_1_5' title="bbox 191 1498 2029 1742">
     <span class='ocr_line' id='line_1_14' title="bbox 258 1498 2025 1569; baseline 0.001 -19"><span class='ocrx_word' id='word_1_115' title='bbox 258 1499 399 1551; x_wconf 90' lang='lat' dir='ltr'><strong>Mihi</strong></span> <span class='ocrx_word' id='word_1_116' title='bbox 430 1499 645 1569; x_wconf 92' lang='lat' dir='ltr'><strong>quidem</strong></span> <span class='ocrx_word' id='word_1_117' title='bbox 679 1499 743 1550; x_wconf 92' lang='lat' dir='ltr'><strong>de</strong></span> <span class='ocrx_word' id='word_1_118' title='bbox 773 1499 869 1550; x_wconf 91' lang='lat' dir='ltr'><strong>hac</strong></span> <span class='ocrx_word' id='word_1_119' title='bbox 901 1518 956 1550; x_wconf 95' lang='lat' dir='ltr'><strong>re</strong></span> <span class='ocrx_word' id='word_1_120' title='bbox 982 1517 1102 1550; x_wconf 90' lang='lat' dir='ltr'><strong>cum</strong></span> <span class='ocrx_word' id='word_1_121' title='bbox 1132 1498 1409 1564; x_wconf 91' lang='lat' dir='ltr'><strong>Richardo,</strong></span> <span class='ocrx_word' id='word_1_122' title='bbox 1439 1498 1706 1568; x_wconf 93' lang='lat' dir='ltr'><strong>quondam</strong></span> <span class='ocrx_word' id='word_1_123' title='bbox 1734 1499 2025 1568; x_wconf 87' lang='lat' dir='ltr'><strong>Anglorum</strong></span> 
     </span>
     <span class='ocr_line' id='line_1_15' title="bbox 191 1585 2028 1655; baseline 0 -17"><span class='ocrx_word' id='word_1_124' title='bbox 191 1586 319 1654; x_wconf 85' lang='lat' dir='ltr'><strong>regis</strong></span> <span class='ocrx_word' id='word_1_125' title='bbox 355 1586 675 1650; x_wconf 89' lang='lat' dir='ltr'><strong>cancellario,</strong></span> <span class='ocrx_word' id='word_1_126' title='bbox 707 1605 876 1637; x_wconf 87' lang='lat' dir='ltr'><strong>sermo</strong></span> <span class='ocrx_word' id='word_1_127' title='bbox 909 1604 1015 1637; x_wconf 93' lang='lat' dir='ltr'><strong>non</strong></span> <span class='ocrx_word' id='word_1_128' title='bbox 1049 1585 1243 1636; x_wconf 90' lang='lat' dir='ltr'><strong>otiosus</strong></span> <span class='ocrx_word' id='word_1_129' title='bbox 1277 1585 1397 1649; x_wconf 82' lang='lat' dir='ltr'><strong>fuit,</strong></span> <span class='ocrx_word' id='word_1_130' title='bbox 1431 1586 1541 1637; x_wconf 90' lang='lat' dir='ltr'><strong>viro</strong></span> <span class='ocrx_word' id='word_1_131' title='bbox 1573 1585 1799 1637; x_wconf 91' lang='lat' dir='ltr'><strong>ardentis</strong></span> <span class='ocrx_word' id='word_1_132' title='bbox 1833 1586 2028 1655; x_wconf 86' lang='lat' dir='ltr'><strong>ingenii</strong></span> 
     </span>
     <span class='ocr_line' id='line_1_16' title="bbox 192 1671 2029 1742; baseline 0.001 -19"><span class='ocrx_word' id='word_1_133' title='bbox 192 1691 287 1724; x_wconf 92' lang='lat' dir='ltr'><strong>nec</strong></span> <span class='ocrx_word' id='word_1_134' title='bbox 324 1672 620 1724; x_wconf 89' lang='lat' dir='ltr'><strong>litterarum</strong></span> <span class='ocrx_word' id='word_1_135' title='bbox 660 1672 837 1737; x_wconf 89' lang='lat' dir='ltr'><strong>inscio,</strong></span> <span class='ocrx_word' id='word_1_136' title='bbox 879 1686 933 1724; x_wconf 89' lang='lat' dir='ltr'><strong>et</strong></span> <span class='ocrx_word' id='word_1_137' title='bbox 972 1672 1082 1741; x_wconf 91' lang='lat' dir='ltr'><strong>qui,</strong></span> <span class='ocrx_word' id='word_1_138' title='bbox 1123 1685 1183 1723; x_wconf 90' lang='lat' dir='ltr'><strong>ut</strong></span> <span class='ocrx_word' id='word_1_139' title='bbox 1222 1671 1278 1722; x_wconf 91' lang='lat' dir='ltr'><strong>in</strong></span> <span class='ocrx_word' id='word_1_140' title='bbox 1318 1671 1586 1723; x_wconf 84' lang='lat' dir='ltr'><strong>Britannia</strong></span> <span class='ocrx_word' id='word_1_141' title='bbox 1623 1671 1828 1740; x_wconf 88' lang='lat' dir='ltr'><strong>genitus</strong></span> <span class='ocrx_word' id='word_1_142' title='bbox 1869 1685 2029 1742; x_wconf 89' lang='lat' dir='ltr'><strong>atque</strong></span> 
     </span>
    </p>

    <p class='ocr_par' dir='ltr' id='par_1_6' title="bbox 123 1757 2031 2174">
     <span class='ocr_line' id='line_1_17' title="bbox 123 1757 2026 1828; baseline -0.001 -16"><span class='ocrx_word' id='word_1_143' title='bbox 123 1781 168 1822; x_wconf 88' lang='lat'><strong>15</strong></span> <span class='ocrx_word' id='word_1_144' title='bbox 193 1759 459 1824; x_wconf 85' lang='lat' dir='ltr'><strong>educatus,</strong></span> <span class='ocrx_word' id='word_1_145' title='bbox 503 1758 907 1828; x_wconf 88' lang='lat' dir='ltr'><strong>abditarumque</strong></span> <span class='ocrx_word' id='word_1_146' title='bbox 952 1777 1125 1810; x_wconf 91' lang='lat' dir='ltr'><strong>rerum</strong></span> <span class='ocrx_word' id='word_1_147' title='bbox 1173 1757 1237 1808; x_wconf 91' lang='lat' dir='ltr'><strong>ab</strong></span> <span class='ocrx_word' id='word_1_148' title='bbox 1283 1757 1627 1810; x_wconf 89' lang='lat' dir='ltr'><strong>adolescentia</strong></span> <span class='ocrx_word' id='word_1_149' title='bbox 1669 1777 1822 1827; x_wconf 90' lang='lat' dir='ltr'><strong>super</strong></span> <span class='ocrx_word' id='word_1_150' title='bbox 1867 1757 2026 1810; x_wconf 90' lang='lat' dir='ltr'><strong>fidem</strong></span> 
     </span>
     <span class='ocr_line' id='line_1_18' title="bbox 193 1843 2028 1914; baseline 0 -17"><span class='ocrx_word' id='word_1_151' title='bbox 193 1846 436 1910; x_wconf 79' lang='lat' dir='ltr'><strong>curiOSUS,</strong></span> <span class='ocrx_word' id='word_1_152' title='bbox 482 1845 668 1897; x_wconf 90' lang='lat' dir='ltr'><strong>talibus</strong></span> <span class='ocrx_word' id='word_1_153' title='bbox 710 1844 1013 1914; x_wconf 91' lang='lat' dir='ltr'><strong>praesertim</strong></span> <span class='ocrx_word' id='word_1_154' title='bbox 1056 1843 1460 1914; x_wconf 89' lang='lat' dir='ltr'><strong>quaestiunculis</strong></span> <span class='ocrx_word' id='word_1_155' title='bbox 1502 1843 1784 1896; x_wconf 92' lang='lat' dir='ltr'><strong>enodandis</strong></span> <span class='ocrx_word' id='word_1_156' title='bbox 1827 1844 2028 1914; x_wconf 89' lang='lat' dir='ltr'><strong>aptissi-</strong></span> 
     </span>
     <span class='ocr_line' id='line_1_19' title="bbox 194 1931 2031 2001; baseline 0 -17"><span class='ocrx_word' id='word_1_157' title='bbox 194 1952 307 1984; x_wconf 90' lang='lat' dir='ltr'><strong>mus</strong></span> <span class='ocrx_word' id='word_1_158' title='bbox 349 1932 629 1984; x_wconf 89' lang='lat' dir='ltr'><strong>videretur.</strong></span> <span class='ocrx_word' id='word_1_159' title='bbox 710 1931 805 1983; x_wconf 89' lang='lat' dir='ltr'><strong>Ille</strong></span> <span class='ocrx_word' id='word_1_160' title='bbox 847 1945 1042 1996; x_wconf 91' lang='lat' dir='ltr'><strong>autem,</strong></span> <span class='ocrx_word' id='word_1_161' title='bbox 1085 1951 1173 1983; x_wconf 89' lang='lat' dir='ltr'><strong>seu</strong></span> <span class='ocrx_word' id='word_1_162' title='bbox 1216 1931 1338 2000; x_wconf 92' lang='lat' dir='ltr'><strong>quia</strong></span> <span class='ocrx_word' id='word_1_163' title='bbox 1378 1931 1448 1982; x_wconf 90' lang='lat' dir='ltr'><strong>sic</strong></span> <span class='ocrx_word' id='word_1_164' title='bbox 1490 1945 1734 2000; x_wconf 90' lang='lat' dir='ltr'><strong>speraret,</strong></span> <span class='ocrx_word' id='word_1_165' title='bbox 1777 1951 1866 1983; x_wconf 88' lang='lat' dir='ltr'><strong>seu</strong></span> <span class='ocrx_word' id='word_1_166' title='bbox 1907 1932 2031 2001; x_wconf 91' lang='lat' dir='ltr'><strong>quia</strong></span> 
     </span>
     <span class='ocr_line' id='line_1_20' title="bbox 164 2012 2030 2108; baseline 0 -38"><span class='ocrx_word' id='word_1_167' title='bbox 164 2012 416 2108; x_wconf 88' lang='lat' dir='ltr'><strong>puderet</strong></span> <span class='ocrx_word' id='word_1_168' title='bbox 443 2019 794 2091; x_wconf 84' lang='lat' dir='ltr'><strong>ignorantiam</strong></span> <span class='ocrx_word' id='word_1_169' title='bbox 826 2019 979 2070; x_wconf 82' lang='lat' dir='ltr'><strong>fateri</strong></span> <span class='ocrx_word' id='word_1_170' title='bbox 1012 2018 1125 2087; x_wconf 91' lang='lat' dir='ltr'><strong>(qui</strong></span> <span class='ocrx_word' id='word_1_171' title='bbox 1162 2037 1272 2069; x_wconf 92' lang='lat' dir='ltr'><strong>mos</strong></span> <span class='ocrx_word' id='word_1_172' title='bbox 1304 2016 1461 2068; x_wconf 89' lang='lat' dir='ltr'><strong>hodie</strong></span> <span class='ocrx_word' id='word_1_173' title='bbox 1490 2017 1780 2069; x_wconf 90' lang='lat' dir='ltr'><strong>multorum</strong></span> <span class='ocrx_word' id='word_1_174' title='bbox 1813 2030 1905 2082; x_wconf 88' lang='lat' dir='ltr'><strong>est,</strong></span> <span class='ocrx_word' id='word_1_175' title='bbox 1937 2019 2030 2088; x_wconf 92' lang='lat' dir='ltr'><strong>qui</strong></span> 
     </span>
     <span class='ocr_line' id='line_1_21' title="bbox 180 2103 2030 2174; baseline -0.001 -17.992"><span class='ocrx_word' id='word_1_176' title='bbox 180 2124 300 2156; x_wconf 92' lang='lat' dir='ltr'><strong>non</strong></span> <span class='ocrx_word' id='word_1_177' title='bbox 343 2105 646 2173; x_wconf 82' lang='lat' dir='ltr'><strong>intelligunt</strong></span> <span class='ocrx_word' id='word_1_178' title='bbox 691 2118 889 2174; x_wconf 90' lang='lat' dir='ltr'><strong>quanta</strong></span> <span class='ocrx_word' id='word_1_179' title='bbox 932 2103 1218 2155; x_wconf 87' lang='lat' dir='ltr'><strong>modestiae</strong></span> <span class='ocrx_word' id='word_1_180' title='bbox 1259 2103 1366 2155; x_wconf 88' lang='lat' dir='ltr'><strong>laus</strong></span> <span class='ocrx_word' id='word_1_181' title='bbox 1411 2104 1477 2154; x_wconf 90' lang='lat' dir='ltr'><strong>sit</strong></span> <span class='ocrx_word' id='word_1_182' title='bbox 1520 2103 1722 2154; x_wconf 93' lang='lat' dir='ltr'><strong>homini</strong></span> <span class='ocrx_word' id='word_1_183' title='bbox 1766 2116 1892 2155; x_wconf 90' lang='lat' dir='ltr'><strong>nato</strong></span> <span class='ocrx_word' id='word_1_184' title='bbox 1935 2123 2030 2156; x_wconf 93' lang='lat' dir='ltr'><strong>nec</strong></span> 
     </span>
    </p>

    <p class='ocr_par' dir='ltr' id='par_1_7' title="bbox 124 2188 2031 2605">
     <span class='ocr_line' id='line_1_22' title="bbox 124 2188 2029 2279; baseline -0.001 -36"><span class='ocrx_word' id='word_1_185' title='bbox 124 2217 171 2244; x_wconf 91' lang='lat'><strong>20</strong></span> <span class='ocrx_word' id='word_1_186' title='bbox 190 2211 338 2245; x_wconf 84' lang='lat' dir='ltr'><strong>nosse</strong></span> <span class='ocrx_word' id='word_1_187' title='bbox 370 2192 544 2242; x_wconf 90' lang='lat' dir='ltr'><strong>omnia</strong></span> <span class='ocrx_word' id='word_1_188' title='bbox 576 2191 770 2243; x_wconf 89' lang='lat' dir='ltr'><strong>valenti</strong></span> <span class='ocrx_word' id='word_1_189' title='bbox 796 2191 1077 2270; x_wconf 45' lang='grc'>1383111311-</span> <span class='ocrx_word' id='word_1_190' title='bbox 1040 2210 1314 2274; x_wconf 30' lang='lat' dir='ltr'><strong>*ingenue</strong></span> <span class='ocrx_word' id='word_1_191' title='bbox 1317 2210 1371 2242; x_wconf 89' lang='lat' dir='ltr'><strong>se</strong></span> <span class='ocrx_word' id='word_1_192' title='bbox 1403 2188 1789 2264; x_wconf 56' lang='lat' dir='ltr'><strong>nescirequod</strong></span> <span class='ocrx_word' id='word_1_193' title='bbox 1791 2189 2029 2279; x_wconf 85' lang='lat' dir='ltr'><strong>nesciat),</strong></span> 
     </span>
     <span class='ocr_line' id='line_1_23' title="bbox 194 2257 2029 2347; baseline 0.001 -18"><span class='ocrx_word' id='word_1_194' title='bbox 194 2298 281 2329; x_wconf 91' lang='lat' dir='ltr'><strong>seu</strong></span> <span class='ocrx_word' id='word_1_195' title='bbox 312 2280 466 2342; x_wconf 79' lang='lat' dir='ltr'><strong>sorte,</strong></span> <span class='ocrx_word' id='word_1_196' title='bbox 499 2276 643 2347; x_wconf 91' lang='lat' dir='ltr'><strong>quod</strong></span> <span class='ocrx_word' id='word_1_197' title='bbox 675 2297 780 2328; x_wconf 94' lang='lat' dir='ltr'><strong>non</strong></span> <span class='ocrx_word' id='word_1_198' title='bbox 810 2277 1056 2346; x_wconf 89' lang='lat' dir='ltr'><strong>suspicor,</strong></span> <span class='ocrx_word' id='word_1_199' title='bbox 1089 2277 1211 2346; x_wconf 93' lang='lat' dir='ltr'><strong>quia</strong></span> <span class='ocrx_word' id='word_1_200' title='bbox 1240 2264 1392 2327; x_wconf 89' lang='lat' dir='ltr'><strong>huius</strong></span> <span class='ocrx_word' id='word_1_201' title='bbox 1414 2257 1553 2326; x_wconf 79' lang='grc'>1111111</span> <span class='ocrx_word' id='word_1_202' title='bbox 1584 2275 1753 2327; x_wconf 88' lang='lat' dir='ltr'><strong>arcani</strong></span> <span class='ocrx_word' id='word_1_203' title='bbox 1784 2259 2029 2330; x_wconf 88' lang='lat' dir='ltr'><strong>notitiam</strong></span> 
     </span>
     <span class='ocr_line' id='line_1_24' title="bbox 195 2361 2030 2432; baseline 0.001 -18"><span class='ocrx_word' id='word_1_204' title='bbox 195 2363 469 2428; x_wconf 88' lang='lat' dir='ltr'><strong>invideret,</strong></span> <span class='ocrx_word' id='word_1_205' title='bbox 516 2363 784 2432; x_wconf 89' lang='lat' dir='ltr'><strong>respondit</strong></span> <span class='ocrx_word' id='word_1_206' title='bbox 837 2378 978 2415; x_wconf 92' lang='lat' dir='ltr'><strong>certe</strong></span> <span class='ocrx_word' id='word_1_207' title='bbox 1019 2383 1071 2414; x_wconf 90' lang='lat' dir='ltr'><strong>se</strong></span> <span class='ocrx_word' id='word_1_208' title='bbox 1122 2362 1382 2414; x_wconf 86' lang='lat' dir='ltr'><strong>dubietati</strong></span> <span class='ocrx_word' id='word_1_209' title='bbox 1431 2381 1576 2413; x_wconf 90' lang='lat' dir='ltr'><strong>meae</strong></span> <span class='ocrx_word' id='word_1_210' title='bbox 1625 2361 2030 2428; x_wconf 80' lang='lat' dir='ltr'><strong>satisfacturum,</strong></span> 
     </span>
     <span class='ocr_line' id='line_1_25' title="bbox 194 2449 2031 2519; baseline -0.001 -17"><span class='ocrx_word' id='word_1_211' title='bbox 194 2449 283 2502; x_wconf 87' lang='lat' dir='ltr'><strong>sed</strong></span> <span class='ocrx_word' id='word_1_212' title='bbox 326 2469 431 2501; x_wconf 93' lang='lat' dir='ltr'><strong>non</strong></span> <span class='ocrx_word' id='word_1_213' title='bbox 475 2451 776 2519; x_wconf 89' lang='lat' dir='ltr'><strong>priusquam</strong></span> <span class='ocrx_word' id='word_1_214' title='bbox 821 2449 885 2501; x_wconf 91' lang='lat' dir='ltr'><strong>ad</strong></span> <span class='ocrx_word' id='word_1_215' title='bbox 929 2449 1085 2501; x_wconf 89' lang='lat' dir='ltr'><strong>libros</strong></span> <span class='ocrx_word' id='word_1_216' title='bbox 1129 2469 1261 2514; x_wconf 89' lang='lat' dir='ltr'><strong>suos,</strong></span> <span class='ocrx_word' id='word_1_217' title='bbox 1306 2467 1531 2518; x_wconf 85' lang='lat' dir='ltr'><strong>quorum</strong></span> <span class='ocrx_word' id='word_1_218' title='bbox 1577 2467 1731 2499; x_wconf 92' lang='lat' dir='ltr'><strong>nemo</strong></span> <span class='ocrx_word' id='word_1_219' title='bbox 1776 2449 2031 2518; x_wconf 91' lang='lat' dir='ltr'><strong>copiosior</strong></span> 
     </span>
     <span class='ocr_line' id='line_1_26' title="bbox 196 2534 2029 2605; baseline 0.001 -17"><span class='ocrx_word' id='word_1_220' title='bbox 196 2537 316 2601; x_wconf 81' lang='lat' dir='ltr'><strong>fuit,</strong></span> <span class='ocrx_word' id='word_1_221' title='bbox 342 2537 397 2587; x_wconf 91' lang='lat' dir='ltr'><strong>in</strong></span> <span class='ocrx_word' id='word_1_222' title='bbox 422 2537 644 2605; x_wconf 88' lang='lat' dir='ltr'><strong>patriam</strong></span> <span class='ocrx_word' id='word_1_223' title='bbox 673 2537 980 2588; x_wconf 85' lang='lat' dir='ltr'><strong>revertisset.</strong></span> <span class='ocrx_word' id='word_1_224' title='bbox 1043 2537 1168 2587; x_wconf 88' lang='lat' dir='ltr'><strong>Erat</strong></span> <span class='ocrx_word' id='word_1_225' title='bbox 1196 2536 1353 2600; x_wconf 89' lang='lat' dir='ltr'><strong>enim,</strong></span> <span class='ocrx_word' id='word_1_226' title='bbox 1382 2534 1507 2586; x_wconf 93' lang='lat' dir='ltr'><strong>dum</strong></span> <span class='ocrx_word' id='word_1_227' title='bbox 1533 2535 1588 2586; x_wconf 90' lang='lat' dir='ltr'><strong>in</strong></span> <span class='ocrx_word' id='word_1_228' title='bbox 1613 2535 1896 2586; x_wconf 88' lang='lat' dir='ltr'><strong>amicitiam</strong></span> <span class='ocrx_word' id='word_1_229' title='bbox 1923 2536 2029 2589; x_wconf 90' lang='lat' dir='ltr'><strong>eius</strong></span> 
     </span>
    </p>

    <p class='ocr_par' dir='ltr' id='par_1_8' title="bbox 130 2620 2031 3034">
     <span class='ocr_line' id='line_1_27' title="bbox 130 2620 2029 2692; baseline 0 -18"><span class='ocrx_word' id='word_1_230' title='bbox 130 2652 175 2692; x_wconf 89' lang='lat'><strong>25</strong></span> <span class='ocrx_word' id='word_1_231' title='bbox 196 2622 372 2686; x_wconf 91' lang='lat' dir='ltr'><strong>incidi,</strong></span> <span class='ocrx_word' id='word_1_232' title='bbox 402 2621 682 2674; x_wconf 87' lang='lat' dir='ltr'><strong>tractandis</strong></span> <span class='ocrx_word' id='word_1_233' title='bbox 710 2621 910 2673; x_wconf 91' lang='lat' dir='ltr'><strong>domini</strong></span> <span class='ocrx_word' id='word_1_234' title='bbox 934 2622 1012 2673; x_wconf 88' lang='lat' dir='ltr'><strong>sui</strong></span> <span class='ocrx_word' id='word_1_235' title='bbox 1039 2622 1257 2690; x_wconf 87' lang='lat' dir='ltr'><strong>negotiis</strong></span> <span class='ocrx_word' id='word_1_236' title='bbox 1290 2620 1429 2690; x_wconf 91' lang='lat' dir='ltr'><strong>apud</strong></span> <span class='ocrx_word' id='word_1_237' title='bbox 1463 2620 1649 2672; x_wconf 86' lang='lat' dir='ltr'><strong>Sedem</strong></span> <span class='ocrx_word' id='word_1_238' title='bbox 1674 2620 2029 2690; x_wconf 89' lang='lat' dir='ltr'><strong>Apostolicam</strong></span> 
     </span>
     <span class='ocr_line' id='line_1_28' title="bbox 197 2707 2029 2778; baseline 0.001 -18"><span class='ocrx_word' id='word_1_239' title='bbox 197 2709 513 2778; x_wconf 85' lang='lat' dir='ltr'><strong>peregrinus,</strong></span> <span class='ocrx_word' id='word_1_240' title='bbox 582 2728 639 2759; x_wconf 90' lang='lat' dir='ltr'><strong>ea</strong></span> <span class='ocrx_word' id='word_1_241' title='bbox 703 2709 898 2759; x_wconf 88' lang='lat' dir='ltr'><strong>scilicet</strong></span> <span class='ocrx_word' id='word_1_242' title='bbox 966 2721 1296 2777; x_wconf 90' lang='lat' dir='ltr'><strong>tempestate,</strong></span> <span class='ocrx_word' id='word_1_243' title='bbox 1363 2726 1467 2776; x_wconf 94' lang='lat' dir='ltr'><strong>qua</strong></span> <span class='ocrx_word' id='word_1_244' title='bbox 1531 2707 1670 2758; x_wconf 91' lang='lat' dir='ltr'><strong>inter</strong></span> <span class='ocrx_word' id='word_1_245' title='bbox 1734 2708 2029 2776; x_wconf 84' lang='lat' dir='ltr'><strong>praefatum</strong></span> 
     </span>
     <span class='ocr_line' id='line_1_29' title="bbox 199 2791 2031 2862; baseline -0.001 -16"><span class='ocrx_word' id='word_1_246' title='bbox 199 2795 470 2847; x_wconf 91' lang='lat' dir='ltr'><strong>dominum</strong></span> <span class='ocrx_word' id='word_1_247' title='bbox 519 2813 669 2845; x_wconf 89' lang='lat' dir='ltr'><strong>suum</strong></span> <span class='ocrx_word' id='word_1_248' title='bbox 718 2808 771 2846; x_wconf 88' lang='lat' dir='ltr'><strong>et</strong></span> <span class='ocrx_word' id='word_1_249' title='bbox 820 2795 1137 2846; x_wconf 90' lang='lat' dir='ltr'><strong>Francorum</strong></span> <span class='ocrx_word' id='word_1_250' title='bbox 1187 2812 1359 2862; x_wconf 88' lang='lat' dir='ltr'><strong>regem</strong></span> <span class='ocrx_word' id='word_1_251' title='bbox 1407 2793 1574 2862; x_wconf 90' lang='lat' dir='ltr'><strong>prima</strong></span> <span class='ocrx_word' id='word_1_252' title='bbox 1621 2791 1860 2844; x_wconf 89' lang='lat' dir='ltr'><strong>diuturni</strong></span> <span class='ocrx_word' id='word_1_253' title='bbox 1907 2793 2031 2849; x_wconf 91' lang='lat' dir='ltr'><strong>belli</strong></span> 
     </span>
     <span class='ocr_line' id='line_1_30' title="bbox 198 2878 2029 2949; baseline -0.001 -17"><span class='ocrx_word' id='word_1_254' title='bbox 198 2881 391 2933; x_wconf 87' lang='lat' dir='ltr'><strong>semina</strong></span> <span class='ocrx_word' id='word_1_255' title='bbox 426 2879 771 2949; x_wconf 87' lang='lat' dir='ltr'><strong>pullulabant,</strong></span> <span class='ocrx_word' id='word_1_256' title='bbox 808 2899 942 2949; x_wconf 91' lang='lat' dir='ltr'><strong>quae</strong></span> <span class='ocrx_word' id='word_1_257' title='bbox 977 2893 1247 2931; x_wconf 88' lang='lat' dir='ltr'><strong>cruentam</strong></span> <span class='ocrx_word' id='word_1_258' title='bbox 1283 2897 1497 2930; x_wconf 89' lang='lat' dir='ltr'><strong>messem</strong></span> <span class='ocrx_word' id='word_1_259' title='bbox 1532 2891 1712 2947; x_wconf 92' lang='lat' dir='ltr'><strong>postea</strong></span> <span class='ocrx_word' id='word_1_260' title='bbox 1745 2878 2029 2947; x_wconf 83' lang='lat' dir='ltr'><strong>protulere.</strong></span> 
     </span>
     <span class='ocr_line' id='line_1_31' title="bbox 199 2962 2029 3034; baseline 0.001 -18"><span class='ocrx_word' id='word_1_261' title='bbox 199 2965 441 3018; x_wconf 89' lang='lat' dir='ltr'><strong>Necdum</strong></span> <span class='ocrx_word' id='word_1_262' title='bbox 481 2966 734 3034; x_wconf 89' lang='lat' dir='ltr'><strong>repositae</strong></span> <span class='ocrx_word' id='word_1_263' title='bbox 771 2966 923 3017; x_wconf 82' lang='lat' dir='ltr'><strong>falces</strong></span> <span class='ocrx_word' id='word_1_264' title='bbox 963 2980 1052 3017; x_wconf 91' lang='lat' dir='ltr'><strong>aut</strong></span> <span class='ocrx_word' id='word_1_265' title='bbox 1092 2966 1259 3017; x_wconf 90' lang='lat' dir='ltr'><strong>clausa</strong></span> <span class='ocrx_word' id='word_1_266' title='bbox 1302 2978 1423 3016; x_wconf 90' lang='lat' dir='ltr'><strong>sunt</strong></span> <span class='ocrx_word' id='word_1_267' title='bbox 1474 2964 1671 3015; x_wconf 89' lang='lat' dir='ltr'><strong>horrea.</strong></span> <span class='ocrx_word' id='word_1_268' title='bbox 1762 2962 1864 3015; x_wconf 89' lang='lat' dir='ltr'><strong>Sed</strong></span> <span class='ocrx_word' id='word_1_269' title='bbox 1902 2963 2029 3017; x_wconf 90' lang='lat' dir='ltr'><strong>dum</strong></span> 
     </span>
    </p>

    <p class='ocr_par' dir='ltr' id='par_1_9' title="bbox 131 3050 2032 3207">
     <span class='ocr_line' id='line_1_32' title="bbox 131 3050 2032 3122; baseline 0 -19"><span class='ocrx_word' id='word_1_270' title='bbox 131 3082 179 3120; x_wconf 84' lang='lat'><strong>30</strong></span> <span class='ocrx_word' id='word_1_271' title='bbox 199 3052 474 3122; x_wconf 89' lang='lat' dir='ltr'><strong>promissor</strong></span> <span class='ocrx_word' id='word_1_272' title='bbox 511 3051 598 3102; x_wconf 91' lang='lat' dir='ltr'><strong>ille</strong></span> <span class='ocrx_word' id='word_1_273' title='bbox 634 3070 777 3103; x_wconf 87' lang='lat' dir='ltr'><strong>meus</strong></span> <span class='ocrx_word' id='word_1_274' title='bbox 817 3052 1038 3116; x_wconf 89' lang='lat' dir='ltr'><strong>abiisset,</strong></span> <span class='ocrx_word' id='word_1_275' title='bbox 1074 3052 1179 3103; x_wconf 89' lang='lat' dir='ltr'><strong>sive</strong></span> <span class='ocrx_word' id='word_1_276' title='bbox 1217 3051 1345 3102; x_wconf 91' lang='lat' dir='ltr'><strong>nihil</strong></span> <span class='ocrx_word' id='word_1_277' title='bbox 1382 3050 1663 3114; x_wconf 89' lang='lat' dir='ltr'><strong>inveniens,</strong></span> <span class='ocrx_word' id='word_1_278' title='bbox 1691 3050 1795 3102; x_wconf 90' lang='lat' dir='ltr'><strong>sive</strong></span> <span class='ocrx_word' id='word_1_279' title='bbox 1827 3050 2032 3107; x_wconf 89' lang='lat' dir='ltr'><strong>noviter</strong></span> 
     </span>
     <span class='ocr_line' id='line_1_33' title="bbox 199 3135 2031 3207; baseline 0 -17"><span class='ocrx_word' id='word_1_280' title='bbox 199 3138 422 3190; x_wconf 90' lang='lat' dir='ltr'><strong>iniuncti</strong></span> <span class='ocrx_word' id='word_1_281' title='bbox 465 3138 775 3207; x_wconf 88' lang='lat' dir='ltr'><strong>pontificalis</strong></span> <span class='ocrx_word' id='word_1_282' title='bbox 818 3138 974 3189; x_wconf 90' lang='lat' dir='ltr'><strong>officii</strong></span> <span class='ocrx_word' id='word_1_283' title='bbox 1016 3138 1157 3206; x_wconf 87' lang='lat' dir='ltr'><strong>gravi</strong></span> <span class='ocrx_word' id='word_1_284' title='bbox 1201 3156 1416 3189; x_wconf 90' lang='lat' dir='ltr'><strong>munere</strong></span> <span class='ocrx_word' id='word_1_285' title='bbox 1458 3135 1751 3201; x_wconf 89' lang='lat' dir='ltr'><strong>distractus,</strong></span> <span class='ocrx_word' id='word_1_286' title='bbox 1795 3138 2031 3207; x_wconf 88' lang='lat' dir='ltr'><strong>quamvis</strong></span> 
     </span>
    </p>
   </div>
   <div class='ocr_carea' id='block_1_5' title="bbox 200 3222 2028 3294">
    <p class='ocr_par' dir='ltr' id='par_1_10' title="bbox 200 3222 2028 3294">
     <span class='ocr_line' id='line_1_34' title="bbox 200 3222 2028 3294; baseline 0 -18"><span class='ocrx_word' id='word_1_287' title='bbox 200 3243 349 3294; x_wconf 89' lang='lat' dir='ltr'><strong>saepe</strong></span> <span class='ocrx_word' id='word_1_288' title='bbox 377 3223 564 3275; x_wconf 89' lang='lat' dir='ltr'><strong>litteris</strong></span> <span class='ocrx_word' id='word_1_289' title='bbox 592 3223 969 3294; x_wconf 87' lang='lat' dir='ltr'><strong>interpellatus,</strong></span> <span class='ocrx_word' id='word_1_290' title='bbox 993 3223 1367 3293; x_wconf 83' lang='lat' dir='ltr'><strong>exspectationi</strong></span> <span class='ocrx_word' id='word_1_291' title='bbox 1393 3241 1537 3274; x_wconf 90' lang='lat' dir='ltr'><strong>meae</strong></span> <span class='ocrx_word' id='word_1_292' title='bbox 1563 3241 1669 3274; x_wconf 92' lang='lat' dir='ltr'><strong>non</strong></span> <span class='ocrx_word' id='word_1_293' title='bbox 1695 3222 1844 3275; x_wconf 87' lang='lat' dir='ltr'><strong>aliter</strong></span> <span class='ocrx_word' id='word_1_294' title='bbox 1870 3242 2028 3293; x_wconf 87' lang='lat' dir='ltr'><strong>quam</strong></span> 
     </span>
    </p>
   </div>
  </div>
 </body>
</html>
