2242 3600
567 153 965 207 IOHANNI
1025 154 1136 207 DE
1191 153 1677 207 CERTALDO
1974 152 2042 224 69

543 332 798 392 Iohanni
825 331 916 392 De
947 305 1236 391 CertaldO.
1308 331 1473 391 Fam.
1506 331 1584 391 xi.
1615 330 1671 391 6.

197 455 359 585 IAM
423 475 546 508 vero
598 457 916 526 proximiora
969 456 1190 507 dixerim
1242 475 1375 526 quae
1424 456 1675 526 leguntur
1725 456 1781 507 in
1834 454 2040 519 fabulis,

243 555 473 594 amatam
512 543 728 595 Phoebo
767 543 1023 611 virginem
1069 541 1351 611 obriguisse
1396 562 1548 595 cursu
1588 541 1780 607 medio,
1822 555 1876 593 et
1912 541 2040 593 dum

191 628 412 698 pedibus
465 643 677 699 tangere
729 643 922 681 terram
974 642 1148 699 putat,
1201 629 1384 681 subitis
1437 629 1695 682 radicibus
1747 629 2038 681 inhaesisse.

193 714 353 767 Certe
380 730 434 767 et
462 735 576 784 ego,
606 715 751 786 quod
778 715 1088 780 nesciebam,
1115 735 1212 785 pro
1240 716 1517 768 mobilium
1545 716 1796 786 obsequio
1823 714 2039 785 pedum,

192 801 538 853 tenacissimas
586 801 858 853 interdum
907 800 1100 853 radices
1149 801 1334 854 habeo.
1417 803 1760 854 Promiseram
1810 801 1908 854 tibi
1957 820 2041 853 me
2062 820 2085 862 5

189 886 404 939 Patavio
426 886 775 956 digressurum
797 886 863 938 ad
883 906 990 939 xlv.
1018 886 1278 940 Kalendas
1297 888 1464 940 Maias
1484 909 1497 953 3
1546 889 1632 957 ij
1648 909 1696 942 v.
1718 889 1895 940 Nonas
1917 887 2041 939 inde

191 972 459 1041 digressus,
482 973 672 1044 loquor
694 974 999 1043 improprie,
1023 974 1188 1025 immo
1211 994 1335 1027 vero
1359 974 1587 1027 divulsus
1610 994 1742 1027 sum.
1801 975 2040 1027 Veronae

190 1059 412 1112 biduum
441 1074 533 1112 aut
563 1059 802 1112 triduum
832 1080 982 1129 agere
1012 1060 1378 1126 decreveram3
1428 1062 1514 1113 hie
1543 1081 1757 1132 quoque
1783 1062 1887 1113 iam
1916 1082 2036 1132 pro-

189 1147 521 1200 crastinando
569 1168 736 1218 prope
784 1148 1129 1201 circumactus
1178 1163 1255 1201 est
1301 1150 1507 1219 mensis,
1557 1163 1611 1201 et
1659 1150 1895 1220 quamvis
1942 1149 2039 1201 hac

134 1277 138 1281 .
188 1235 493 1303 praesertim
528 1249 679 1304 parte
714 1236 837 1302 anni
872 1254 1185 1305 peramoena
1220 1236 1399 1289 civitas
1434 1237 1519 1302 sit,
1557 1256 1665 1289 non
1699 1237 1808 1288 sine
1845 1236 2036 1289 taedio.
2062 1259 2109 1286 10

186 1321 312 1372 Non
338 1321 464 1373 haec
492 1322 623 1373 mihi
651 1322 852 1391 requies
885 1322 989 1374 fuit
1025 1322 1091 1374 ad
1118 1322 1213 1374 alia
1240 1324 1534 1388 festinanti3
1575 1323 1665 1375 sed
1691 1323 2038 1392 indulgentis-

107 1429 114 1435 ·
184 1406 303 1457 simi
339 1407 492 1458 amici
525 1407 729 1459 blandis
759 1427 976 1478 precum
1013 1409 1354 1479 compedibus
1383 1409 1626 1479 explicari
1653 1409 1904 1461 hactenus
1932 1429 2039 1461 non

180 1494 374 1562 potui3
442 1495 533 1564 qui
579 1494 709 1546 mihi
755 1515 920 1565 paene
966 1495 1303 1566 quotidianus
1347 1510 1425 1548 est
1466 1515 1658 1562 carcer.
1741 1495 1851 1547 Etsi
1897 1496 2037 1547 enim

184 1579 474 1632 amicorum
507 1581 637 1632 nihil
669 1582 862 1633 affectu
894 1596 947 1633 et
978 1583 1177 1652 pietate
1208 1581 1408 1634 dulcius
1442 1582 1663 1634 habeam
1694 1596 1785 1634 aut
1815 1601 2036 1652 sperem,

183 1685 335 1736 saepe
363 1681 541 1719 tamen
568 1668 759 1720 arctius
787 1688 871 1719 me
898 1668 1042 1738 diligi
1070 1687 1228 1739 quam
1254 1669 1366 1721 otio
1391 1688 1510 1721 meo
1536 1668 1797 1739 expediat,
1825 1683 2036 1739 questus
2062 1695 2107 1736 15

183 1772 298 1805 sum
332 1772 641 1824 querarque,
674 1754 715 1806 si
747 1755 939 1806 vixero.
1009 1756 1150 1807 Hinc
1184 1755 1449 1807 discedens
1482 1755 1582 1807 hoc
1614 1756 1726 1826 ipso
1761 1755 1844 1807 die
1877 1756 2035 1807 Man-

186 1853 332 1891 tuam
370 1854 515 1910 peto,
556 1843 809 1893 famosam
847 1841 1052 1910 Y—irgilii
1092 1842 1256 1893 nostri
1296 1857 1536 1895 matrem.
1614 1842 1697 1894 Ibi
1736 1862 1821 1894 me
1858 1843 2035 1894 similis

182 1925 397 1996 laqueus
456 1927 587 1979 alter
647 1942 844 1992 manet,
902 1928 1009 1993 sed,
1070 1929 1123 1980 ni
1180 1928 1347 1994 fallor,
1406 1929 1604 1982 facilius
1663 1929 2032 1982 dissolvendus.

183 2012 398 2065 Parmae
418 2014 693 2084 superioris
721 2015 874 2066 amici
900 2017 1045 2066 frena
1073 2035 1179 2067 non
1204 2015 1443 2080 habeb03
1493 2030 1642 2068 tanta
1668 2016 1833 2068 brevis
1861 2035 2036 2067 rerum

183 2100 412 2151 mutatio
453 2101 678 2152 incessit.
759 2101 824 2153 In
866 2102 1049 2153 ceteris
1091 2101 1216 2153 inde
1259 2102 1421 2154 totius
1463 2102 1575 2155 viae
1617 2102 1833 2154 urbibus
1876 2116 2036 2173 atque
2059 2127 2106 2155 20

183 2185 389 2255 oppidis
418 2188 618 2256 negotii
647 2187 795 2240 nihil.

252 2273 442 2344 Itaque
479 2275 775 2339 confestim,
815 2276 855 2326 si
892 2275 1000 2327 vita
1039 2294 1210 2327 comes
1248 2277 1427 2341 fuerit,
1467 2297 1495 2328 e
1530 2276 1878 2347 Transalpino
1915 2297 2035 2329 rure

184 2375 363 2413 nostro
392 2361 457 2413 ad
488 2376 541 2414 te
570 2363 765 2415 iterum
795 2363 1034 2427 scribam,
1066 2382 1236 2433 neque
1267 2363 1508 2434 deinceps
1539 2364 1656 2416 alias
1687 2365 1827 2434 prius
1859 2386 1920 2417 ex
1949 2385 2034 2417 me

182 2447 382 2500 litteras
411 2464 673 2518 exspectes
702 2469 860 2520 quam
883 2469 1016 2520 quae
1036 2451 1326 2520 pervenisse
1347 2471 1431 2502 me
1453 2453 1719 2504 nuntient.
1780 2452 1892 2504 Illic
1914 2472 2034 2505 sane

185 2535 440 2604 quamdiu
467 2536 592 2605 ipsa,
621 2556 755 2606 quae
782 2557 856 2588 res
885 2551 937 2588 et
965 2537 1174 2588 consilia
1200 2552 1374 2590 nostra
1401 2552 1559 2604 rotat,
1588 2539 1808 2591 modum
1834 2553 2032 2591 statuet
2055 2564 2103 2605 25

128 2615 416 2687 ‘if-f9rtuna2
457 2643 552 2691 ego
591 2624 825 2693 quidem,
867 2623 1012 2694 quod
1051 2643 1157 2675 non
1197 2624 1295 2676 tibi
1336 2639 1547 2677 tantum
1588 2626 1679 2678 tali
1718 2627 1902 2691 amico,
1941 2626 2031 2678 sed

183 2708 341 2777 vulgo
381 2709 540 2760 etiam
581 2724 770 2762 notum
812 2730 943 2775 reor,
986 2711 1202 2762 excussis
1240 2711 1547 2782 libratisque
1588 2713 1847 2778 omnibus,
1889 2714 1929 2765 si
1970 2733 2032 2765 ex

184 2793 291 2846 alto
323 2794 507 2846 datum
539 2810 686 2861 esset,
720 2811 959 2866 optarem
989 2796 1044 2847 in
1075 2816 1136 2848 eo
1167 2816 1285 2848 rure
1316 2798 1578 2868 quidquid
1610 2813 1685 2850 est
1716 2799 1855 2851 vitae
1885 2799 2031 2869 quod

181 2894 341 2931 restat
367 2880 585 2950 exigere.
646 2883 757 2934 Etsi
783 2883 922 2934 enim
947 2883 1063 2934 loco
1087 2883 1162 2934 illi
1187 2883 1354 2936 multa
1381 2883 1550 2936 desint
1576 2884 1763 2954 quibus
1789 2885 2028 2955 voluptas

181 2980 299 3034 eget
331 2966 559 3036 urbsque
591 2968 775 3033 affluit,
808 2969 893 3020 illa
929 2983 1106 3021 tamen
1138 2969 1327 3022 adsunt
1360 2970 1548 3040 quibus
1582 2971 1702 3023 urbs
1736 2985 1877 3023 caret
1910 2972 2027 3041 qui·
2050 2989 2101 3027 30

183 3052 383 3123 busque
451 3073 546 3122 ego
606 3056 830 3107 maxime
892 3055 1140 3121 delector,
1200 3056 1429 3122 libertas,
1491 3058 1679 3123 otium,
1743 3058 2026 3123 silentium,

179 3138 424 3190 solitudo.
500 3141 625 3192 Duo
661 3141 735 3193 ibi
771 3156 911 3207 sunt,
950 3144 1135 3207 fateor,
1174 3143 1383 3195 adversa
1420 3144 1630 3209 animo3
1690 3159 1743 3196 et
1780 3144 1925 3214 quod
1962 3144 2026 3196 ab

181 3225 334 3277 Italia
371 3225 513 3278 locus
555 3227 716 3294 abest,
759 3229 825 3280 ad
865 3248 1024 3299 quam
1064 3248 1149 3280 me
1189 3221 1434 3282 naturalis'
1476 3244 1649 3283 motus
1692 3231 1929 3296 attrahit,
1972 3245 2026 3282 et
