2242 3600
244 159 337 212 126
606 157 1001 210 IOHANNI
1061 156 1170 208 DE
1227 155 1708 208 CERTALDO

237 286 575 355 postmodum
623 287 904 355 profectus,
953 303 1010 335 ac
1058 284 1123 334 de
1169 285 1407 353 proximo
1454 286 1780 353 profecturus
1827 303 1959 350 sum,
2007 298 2070 338 ut

114 429 116 438 y
238 373 510 441 utriusque
543 372 642 423 loci
679 371 858 422 accolis
895 370 1206 421 desiderium
1241 388 1435 434 meum,
1471 389 1576 421 non
1612 370 1730 421 dico
1764 370 1944 423 tollam
1978 385 2070 424 aut

120 466 217 520 “50
241 459 492 522 minuam,
521 457 664 527 quod
705 457 887 522 nolim,
921 456 1010 507 sed
1050 456 1394 507 alternatione
1430 455 1637 508 leniam.
1714 455 2071 515 Quamobrem

240 563 305 595 an
332 558 391 595 tu
418 544 732 595 sententiam
759 542 974 594 mutaris
1011 542 1181 593 nescio
1203 562 1216 605 3
1265 560 1360 610 ego
1394 542 1535 593 enim
1561 542 1616 593 in
1643 542 1912 611 proposito
1937 560 2069 608 sum,

239 643 300 681 ut
348 630 498 681 huius
546 628 952 697 magnae⁵''urbis
999 628 1294 696 strepitum,
1343 627 1469 678 haec
1518 626 1686 679 taedia
1735 627 1844 679 aliis
1890 627 2072 680 taediis

239 716 445 767 urbanis
479 715 533 766 in
568 729 742 766 totum
775 728 1074 784 permutare
1106 713 1230 764 boni
1264 713 1410 777 nihil,
1445 712 1567 765 mali
1599 714 1738 764 forte
1770 712 1983 783 aliquid,
2017 726 2072 765 et

238 802 424 853 laboris
465 801 606 852 haud
648 801 807 852 dubie
848 800 1134 870 plurimum
1175 798 1364 850 habeat
1395 840 1407 851 .
1438 840 1449 851 .
1481 840 1493 851 .
1566 797 1653 868 [If
1684 799 1742 851 he
1783 798 1922 851 could
1955 799 2075 866 find

173 909 217 949 5¹5
239 908 270 939 a
295 888 429 939 home
451 887 610 938 where
636 887 768 939 there
791 906 892 938 was
918 899 1022 938 true
1045 884 1267 948 solitude,
1294 884 1352 935 he
1375 884 1534 936 would
1539 884 1624 954 fly
1651 896 1695 936 to
1719 883 1803 954 it.]
1954 871 1963 875 “

308 974 465 1032 Quod
497 975 795 1042 proximum
826 974 880 1024 in
912 973 1013 1024 tuis
1043 971 1230 1023 litteris
1262 984 1371 1022 erat
1403 970 1778 1039 elegantissime
1807 970 2073 1036 cavillaris,

241 1061 384 1130 quod
415 1080 441 1112 a
473 1060 725 1112 Cicerone
759 1059 952 1111 scilicet
989 1059 1084 1110 etsi
1115 1077 1220 1109 non
1250 1076 1463 1122 merear,
1491 1071 1708 1127 propter
1745 1058 2072 1110 coniunctio-

241 1166 361 1199 nem
388 1161 562 1198 tamen
588 1147 802 1199 nimiam
825 1145 984 1197 laesus
1009 1145 1104 1196 sim
1133 1185 1144 1196 .
1175 1185 1187 1196 .
1218 1185 1230 1196 .
1307 1142 1385 1213 [It
1409 1145 1453 1195 is
1485 1144 1612 1195 those
1635 1143 1738 1195 who
1769 1163 1854 1196 are
1883 1155 2076 1195 nearest

244 1246 287 1285 to
313 1253 369 1284 us
392 1233 495 1284 who
517 1252 608 1284 can
630 1233 792 1302 injure
817 1250 873 1282 us
897 1243 1016 1282 most
1040 1228 1253 1299 deeply]
1313 1231 1385 1283 Vt
1412 1230 1603 1282 omissis
1629 1229 1751 1281 iocis
1777 1248 1887 1281 rem
1911 1231 2075 1300 ipsam

173 1333 222 1372 60
242 1319 394 1389 plane
427 1320 644 1383 noveris,
679 1318 863 1370 vulnus
896 1316 1027 1368 illud
1061 1315 1463 1367 Ciceronianum
1499 1315 1563 1367 de
1595 1334 1702 1385 quo
1735 1315 1913 1368 ludere
1945 1316 2074 1368 sole-

244 1407 382 1470 bam,
409 1405 594 1457 ludum
620 1405 748 1456 mihi
773 1404 933 1457 vertit
959 1404 1014 1454 in
1038 1403 1259 1454 luctum.
1321 1401 1509 1453 Parum
1536 1401 1713 1453 deerat
1739 1402 1860 1453 anni
1884 1401 2078 1454 circulo

244 1492 371 1544 dum
394 1493 448 1543 in
473 1491 577 1542 dies
601 1492 744 1561 peius
769 1490 979 1554 habens,
1004 1490 1142 1540 inter
1165 1488 1333 1540 taedia
1357 1501 1409 1539 et
1435 1507 1665 1556 angores,
1688 1489 1827 1540 inter
1849 1487 2076 1539 medicos

245 1592 297 1630 et
322 1580 555 1630 fomenta
576 1595 907 1629 senescerem.
957 1575 1041 1626 Ad
1066 1589 1377 1638 extremum,
1401 1574 1527 1626 dum
1552 1593 1657 1625 non
1682 1573 1841 1625 modo
1863 1573 2076 1640 fastidii,

243 1664 332 1716 sed
370 1665 507 1717 vitae
545 1682 757 1734 quoque
793 1676 1086 1733 pertaesum
1125 1674 1272 1725 esset,
1306 1660 1466 1712 statui
1500 1661 1609 1711 sine
1642 1659 1853 1711 medicis
1891 1677 2078 1729 quem-

177 1768 224 1820 65
245 1769 471 1820 cumque
512 1752 585 1802 rei
626 1751 826 1802 exitum
868 1748 1112 1819 opperiri,
1156 1765 1344 1817 meque
1385 1747 1502 1797 Deo
1543 1765 1600 1798 ac
1642 1759 1858 1798 naturae
1898 1746 2077 1815 potius

163 1861 166 1863 ’
245 1837 577 1888 committere
622 1855 780 1906 quam
826 1836 903 1887 his
949 1832 1305 1903 unguentariis
1351 1834 1403 1885 in
1449 1851 1568 1884 meo
1611 1831 1748 1884 malo
1791 1850 1911 1884 suae
1955 1833 2082 1884 artis

166 1952 172 1965 ι
245 1924 600 1993 experimenta
624 1922 973 1992 captantibus,
1034 1920 1213 1989 Atque
1236 1919 1310 1970 ita
1334 1919 1534 1970 factum
1559 1932 1652 1970 est.
1714 1917 1823 1969 Illis
1847 1917 2078 1982 exclusis,

246 2009 473 2062 caelestis
501 2029 601 2079 ope
627 2009 816 2060 medici
844 2027 900 2059 ac
928 2008 1078 2059 unius
1107 2004 1441 2057 adolescentis
1475 2007 1569 2075 qui
1597 2005 1727 2056 mihi
1761 2004 1917 2057 servit
1943 2002 1997 2057 et
2023 2005 2078 2057 in

247 2115 365 2148 meo
420 2096 591 2148 ulcere
647 2114 884 2165 meaque,
942 2107 1003 2145 ut
1061 2092 1271 2156 dicitur,
1328 2091 1558 2160 impensa
1616 2090 1845 2142 medicus
1903 2091 2079 2156 evasit,

180 2211 227 2251 7⁵
247 2184 605 2235 fomentorum
643 2201 861 2246 memor,
901 2199 1035 2250 quae
1071 2178 1200 2230 mihi
1239 2197 1301 2229 ex
1337 2177 1576 2229 omnibus
1613 2176 1892 2229 salubriora
1929 2191 2080 2230 nota-

245 2288 437 2335 veram,
489 2288 605 2321 usus
656 2287 830 2338 opera,
881 2280 935 2318 et
986 2265 1164 2317 adiuta
1214 2283 1306 2333 per
1363 2263 1730 2315 abstinentiam
1781 2255 1996 2337 naturast
2016 2262 2080 2316 ad
2125 2302 2127 2304 -

245 2356 467 2408 salutem
498 2357 679 2426 ipsam,
713 2354 854 2407 unde
886 2352 1082 2421 magnis
1115 2350 1342 2421 passibus
1377 2349 1718 2414 discesseram,
1752 2348 2080 2419 pedetentim
2115 2365 2117 2367 ·

247 2442 403 2494 redeo
443 2484 455 2494 .
494 2483 506 2494 .
549 2483 560 2494 .
633 2441 738 2511 [He
773 2440 1009 2492 mentions
1045 2457 1110 2490 an
1148 2435 1369 2489 incident
1408 2436 1466 2504 of
1494 2454 1618 2486 some
1657 2435 1855 2487 Italian
1884 2437 2084 2505 princes

232 2529 440 2596 finding
463 2548 493 2579 a
517 2529 683 2597 refuge
692 2528 783 2596 sor
808 2526 886 2578 the
910 2525 1052 2593 night
1074 2524 1136 2593 by
1160 2524 1303 2592 using
1325 2524 1421 2589 his,
1447 2525 1569 2588 P.’s,
1594 2522 1776 2593 name]

184 2643 230 2685 75
317 2614 475 2673 Quod
525 2614 658 2684 petis
709 2626 1022 2676 extremum,
1062 2624 1137 2662 est
1187 2609 1430 2662 videlicet
1481 2609 1700 2660 Homeri
1749 2608 1944 2661 librum
1987 2609 2080 2678 qui

249 2700 438 2753 venalis
474 2714 583 2751 erat
619 2699 817 2751 Patavii
836 2719 853 2762 3
898 2698 956 2762 si,
993 2711 1053 2748 ut
1089 2697 1229 2760 reris,
1266 2696 1497 2761 emerim,
1535 2695 1633 2747 tibi
1669 2693 2080 2760 accommodem,

1 2825 114 2871 «xm,
138 2785 479 2860 WnsufluandO,
513 2799 573 2837 ut
608 2786 695 2850 aiS,
730 2784 859 2836 alter
892 2783 956 2835 ab
990 2783 1115 2834 olim
1149 2782 1280 2833 mihi
1313 2795 1406 2846 est,
1441 2800 1598 2851 quem
1630 2781 1742 2853 Leo
1775 2780 2081 2834 noster*tibi

4 2891 34 2906 <⁹
59 2876 219 2934 r-211‘vj)v
251 2886 410 2942 atque
442 2871 548 2923 aliis
579 2870 819 2923 studiosis
852 2869 1196 2921 conterraneis
1230 2868 1414 2919 nostris
1446 2886 1475 2919 e
1507 2866 1710 2918 Graeco
1740 2867 1795 2918 in
1827 2866 2102 2919 Latinum

250 2972 437 3013 vertat.
510 2958 667 3011 Illum
703 2977 798 3026 ego
833 2956 1026 3008 librum
1060 2955 1168 3008 vidi
1203 2954 1291 3007 sed
1327 2953 1544 3023 neglexi,
1581 2953 1726 3023 quod
1761 2972 1879 3005 meo
1912 2953 2082 3023 impar

185 3060 234 3098 80
251 3047 384 3098 visus
416 3058 561 3097 esset.
628 3044 826 3095 Haberi
857 3056 1034 3094 autem
1065 3041 1214 3093 facile
1246 3039 1460 3110 poterit,
1491 3038 1582 3091 illo
1612 3052 1798 3108 agente
1828 3039 1920 3109 qui
1951 3038 2114 3094 mihi»

251 3132 440 3183 Leonis
472 3131 628 3200 ipsius
662 3131 943 3182 amicitiam
977 3130 1292 3200 procuravit,
1325 3129 1468 3180 cuius
1502 3126 1641 3197 apud
1673 3125 1822 3179 illum
1852 3124 2080 3177 efficaces

252 3232 407 3271 erunt
436 3217 659 3281 litterae,
688 3230 740 3267 et
769 3235 864 3285 ego
890 3234 1025 3268 meas
1054 3215 1307 3267 adiiciam.
1375 3212 1427 3265 Si
1452 3214 1492 3265 is
1518 3214 1658 3265 forte
1684 3230 1774 3263 nos
1801 3212 2084 3264 frustratur
