2242 3600
243 176 310 229 86
739 174 1239 228 FRANCISCO
1291 173 1587 228 PRIORI

242 325 349 357 non
405 306 638 376 apposui,
694 304 944 374 quoniam
998 304 1291 356 orationem
1345 303 1487 356 illam
1543 303 1608 356 ab
1665 315 1895 354 extrema
1949 301 2075 355 olim

173 409 222 448 90
243 391 526 444 Germania
565 390 854 455 advectam,
894 389 1021 442 dum
1057 390 1170 442 loca
1206 390 1293 442 illa
1329 389 1527 443 visendi
1566 388 1748 441 ardore
1780 388 2077 442 iuveniliter

243 496 585 548 peragrarem,
618 491 671 529 et
702 496 838 528 anno
869 476 1031 528 altero
1060 477 1115 528 in
1145 477 1368 547 patriam
1398 475 1543 529 vobis
1574 475 1879 545 optantibus
1910 488 2076 528 trans·
2141 499 2150 507 “

244 564 464 629 missam,
523 563 722 615 habetis
784 562 1117 633 studioseque
1169 563 1355 632 legitis,
1411 560 1555 633 quod
1607 562 1663 614 in
1714 561 1901 613 litteris
1954 559 2079 613 inde

242 649 570 702 venientibus
615 668 941 718 recognosco,
1022 648 1166 708 Quid
1208 669 1330 701 vero
1374 667 1514 700 nunc
1559 646 1773 699 dicam?
1854 646 2078 700 Gaudeo

243 737 487 807 equidem
518 749 571 788 et
600 735 876 805 plusquam
908 735 1009 787 dici
1038 736 1198 806 possit
1227 735 1476 804 gratulor,
1509 748 1719 786 tantum
1749 734 1908 785 etiam
1937 751 2078 786 nunc

171 838 218 880 95
242 823 494 875 honorem
530 822 697 874 Musis
734 841 854 887 esse,
892 821 1140 892 quodque
1176 822 1335 890 magis
1372 821 1587 886 mireris,
1625 819 1766 890 apud
1800 819 2077 872 Musarum

242 910 441 974 insciOS,
482 923 542 961 ut
580 909 849 960 hominem
887 908 1119 978 alioquin
1157 908 1275 978 ipsis
1313 907 1570 960 iudicibus
1607 907 1849 971 invisum,
1887 904 2080 959 salvare

242 997 439 1066 possint
467 995 575 1047 solo
605 996 817 1047 nomine
840 1036 851 1047 .
886 1036 897 1047 .
931 1036 943 1047 .
1001 994 1181 1065 [What
1208 1013 1334 1047 more
1363 994 1502 1046 could
1528 994 1654 1046 have
1684 994 1798 1045 been
1826 992 2083 1063 hopedsor

241 1102 360 1134 even
391 1083 444 1134 in
477 1082 555 1134 the
584 1082 708 1152 days
737 1081 793 1151 of
817 1082 895 1133 the
923 1082 1157 1152 Emperor
1183 1081 1435 1150 Augustus
1458 1079 1509 1151 Ρ]

311 1168 363 1220 Si
417 1182 732 1241 m9,.„.ss31„1‚1‚e‚n
783 1170 1087 1241 interrogas,
1141 1166 1385 1221 Nicolaus
1439 1167 1712 1221 Laurentii
1764 1167 1843 1219 vir
1894 1168 2075 1219 facun-

128 1276 217 1331 „¹0⁰
242 1255 475 1308 dissimus
524 1270 618 1321 est,
657 1270 722 1327 „et
750 1255 837 1330 ¹ad
885 1255 1304 1326 persuadendum
1353 1255 1532 1308 efficax
1580 1268 1634 1306 et
1683 1253 1748 1306 ad
1796 1255 2077 1306 oratoriam

135 1334 148 1355 V
239 1361 450 1411 pronuS,
478 1328 949 1414 §icfffl'ifflquoque
978 1341 1140 1394 dulcis
1170 1356 1223 1394 et
1250 1341 1471 1412 lepidus,
1502 1362 1609 1394 non
1636 1341 1835 1394 multae
1861 1341 2077 1412 quidem

239 1428 328 1480 sed
371 1429 536 1481 suavis
583 1428 947 1499 colorataeque
983 1429 1289 1480 sententiae.
1370 1429 1572 1494 Poetas,
1611 1442 1763 1499 put0,
1803 1429 1895 1498 qui
1933 1447 2076 1480 com-

239 1515 469 1567 muniter
509 1515 787 1581 habentur,
831 1534 1008 1567 omnes
1049 1515 1212 1585 legit3
1274 1529 1599 1591 nonunt-amen
1621 1515 2085 1587 de

232 1615 402 1673 Eget&
423 1607 806 1676 quamv-textor,
834 1602 954 1654 ideo
984 1602 1129 1673 quod
1158 1584 1396 1655 maffibus
1427 1603 1600 1654 alienis
1633 1616 1777 1654 texta
1805 1601 2080 1672 chlamyde

146 1708 214 1749 105
236 1688 475 1741 induitur
497 1709 510 1753 3
556 1702 609 1740 et
632 1688 756 1740 licet
781 1688 846 1740 ad
869 1702 1056 1758 poetae
1080 1707 1272 1740 nomen
1295 1687 1702 1758 promerendum
1726 1707 1833 1740 non
1857 1687 2080 1740 sufficiat

236 1774 401 1828 solum
434 1794 658 1840 carmen,
690 1776 864 1845 sitque
889 1775 1210 1827 verissimum
1243 1774 1375 1828 illud
1406 1775 1645 1827 Horatii:
1695 1775 1709 1798 ‘
1730 1793 1901 1845 neque
1935 1775 2077 1826 enim

237 1862 551 1915 concludere
587 1882 793 1915 versum
832 1862 1038 1914 Dixeris
1083 1881 1188 1914 esse
1225 1862 1361 1927 satis,
1399 1881 1494 1913 nec
1532 1862 1573 1913 si
1618 1862 1732 1931 quis
1769 1861 1962 1914 scribat
1998 1861 2122 1929 uti,

211 1960 327 2001 *nos
361 1949 598 2001 Sermoni
633 1950 894 2019 propiora,
931 1963 1082 2019 putes
1118 1950 1258 2001 hunc
1292 1968 1395 2000 esse
1425 1962 1637 2019 poetam
1657 1951 1689 2000 ².
1762 1948 1870 2000 Iste
1901 1962 2079 2000 tamen

231 2055 507 2106 nunquam
552 2036 632 2100 vel
672 2037 896 2106 >,unicum
930 2055 1184 2109 carmen-,¹
1222 2035 1367 2106 quod
1397 2035 1462 2087 ad
1500 2054 1643 2087 aures
1681 2053 1818 2086 meas
1855 2035 2075 2100 venerit,

147 2137 217 2164 110
238 2122 544 2186 Qtexuigj
601 2141 783 2195 Reque
811 2123 973 2190 «enirn
1020 2122 1085 2189 ad
1130 2122 1186 2185 id
1215 2123 1466 2194 „animum
1513 2119 1785 2191 applicuit,
1825 2119 1935 2172 sine
1969 2138 2077 2190 quo
2107 2120 2110 2122 ’

191 2206 384 2276 wnihil,
416 2195 808 2277 quantumlibet
837 2209 1004 2274 facile,
1036 2209 1169 2261 bene
1199 2209 1276 2265 fit.

306 2294 423 2345 Hoc
457 2293 555 2345 tibi
588 2308 777 2347 notum
809 2297 978 2348 facere
1009 2295 1208 2366 placuit
1240 2309 1302 2348 ut
1336 2295 1400 2348 de
1433 2295 1689 2348 assertoris
1722 2294 1847 2347 olim
1879 2294 2078 2365 publici

238 2381 447 2433 fortuna
490 2380 677 2445 doleas,
718 2381 782 2433 de
818 2382 1077 2452 insperata
1112 2381 1333 2451 gaudeas
1369 2381 1551 2446 salute,
1590 2381 1655 2433 de
1688 2381 1864 2434 salutis
1901 2394 2078 2434 autem

241 2482 398 2518 causa·
423 2485 630 2518 mecum
663 2468 859 2537 pariter
891 2468 1173 2538 indigneris
1208 2482 1261 2520 et
1295 2468 1459 2538 rideas
1492 2468 1807 2538 cogitesque,
1841 2467 1899 2532 si,
1935 2466 2079 2538 quod

149 2568 216 2610 115
241 2552 444 2603 utinam
483 2552 701 2617 accidat,
735 2553 830 2606 sub
863 2554 1031 2624 clipeo
1063 2538 1551 2632 poeticoffiicolaus
1583 2573 1611 2605 e
1643 2554 1801 2605 tantis
1839 2552 2078 2624 periculis

242 2639 474 2703 evaserit,
522 2638 661 2690 unde
707 2659 812 2691 non
853 2660 1090 2693 evasurus
1130 2656 1260 2694 esset
1299 2641 1505 2711 Maro?
1588 2639 1690 2692 Sed
1733 2639 1820 2691 ille
1861 2639 1957 2692 sub
2002 2638 2080 2691 his

242 2723 500 2775 iudicibus
547 2724 698 2775 aliam
745 2725 812 2777 ob
861 2745 1064 2778 causam
1110 2728 1321 2798 periret,
1368 2727 1489 2797 quia
1533 2725 1727 2779 scilicet
1774 2745 1880 2778 non
1924 2739 2081 2796 poeta

243 2810 333 2862 sed
387 2812 800 2864 necromanticus
857 2813 1152 2866 haberetur.
1244 2814 1432 2865 Dicam
1488 2812 1631 2882 quod
1685 2813 1843 2883 magis
1895 2811 2078 2889 rideas·

247 2897 365 2966 Ipse
411 2915 522 2965 eg0,
570 2916 676 2966 quo
722 2916 877 2950 nemo
922 2918 1140 2968 usquam
1188 2899 1495 2952 divinationi
1539 2899 1799 2951 inimicior
1842 2899 1945 2951 fuit
1990 2911 2080 2950 aut

153 3004 222 3032 120
248 2982 461 3051 magiae,
493 3001 872 3053 nonnunquam
902 2985 1040 3036 inter
1068 2986 1159 3037 hos
1186 2986 1414 3056 pptimos
1443 3003 1617 3036 rerum
1645 2984 1838 3037 iudices
1866 2997 2083 3054 propter

249 3068 484 3120 Maronis
514 3069 796 3120 amicitiam
827 3061 1242 3125 necromanticus
1274 3071 1442 3123 dictus
1471 3089 1602 3122 sum.
1668 3072 1748 3123 En
1777 3089 1883 3140 quo
1910 3068 2083 3122 studia

249 3168 423 3206 nostra
450 3153 642 3225 dilapsa
668 3169 790 3207 sunt
814 3156 825 3207 l
895 3156 944 3208 O
971 3176 1128 3226 nugas
1156 3157 1372 3209 odibiles
1397 3155 1771 3227 ridendasque!
1800 3196 1814 3208 .
1849 3195 1862 3207 .
1896 3195 1909 3207 .
1977 3153 2082 3225 [He

249 3239 485 3291 describes
512 3240 590 3292 the
614 3241 887 3311 simplicit),
913 3242 969 3311 os
986 3262 1017 3295 a
1045 3243 1309 3309 Cardinal,
1335 3242 1438 3295 who
1466 3243 1665 3312 thought
1686 3260 1831 3312 every
1854 3241 2085 3296 scribbler
