2242 3600
226 175 293 229 54
328 163 341 170 ”
852 155 1230 209 SOCRATI
1286 155 1446 208 SVO

9 294 189 349 ‚ffizew
226 287 412 339 sabulis
440 285 788 356 quorumdam
807 285 1107 355 bominum,
1137 285 1228 354 qui
1254 285 1466 354 professi
1499 284 1672 335 omnia
1703 285 1874 336 sciunt
1909 284 2060 350 nihil,

227 392 453 442 quorum
489 386 665 424 tamen
699 391 803 435 ora,
837 370 961 422 licet
994 372 1274 423 assuefacta
1307 369 1605 434 mendaciis,
1642 369 1855 422 tandem
1886 370 2059 435 silent,

154 487 204 528 45
227 474 281 512 et
318 479 451 530 quae
486 458 815 528 impudentia
851 457 1082 526 primurn
1119 477 1181 508 ex
1217 475 1361 508 more
1395 455 1776 521 13Χαν6131,·ε1(1
1811 455 2060 509 ultimum

227 546 409 597 clausit
436 559 634 614 stupor.
667 585 677 595 .
711 585 722 595 .
756 584 767 594 .
796 542 926 611 [The
947 555 1143 612 present
1163 543 1447 612 generation
1476 543 1519 593 is
1550 542 1693 610 being
1716 542 2063 611 punishedsor

226 634 293 684 its
319 651 422 683 own
447 633 549 683 sins
575 630 675 681 and
701 631 767 681 its
778 629 995 697 fathers’
1024 630 1139 681 sins.
1206 628 1316 680 God
1340 629 1494 680 works
1520 630 1574 681 in
1601 630 1885 699 mysterious
1909 648 2060 699 ways.

226 719 308 770 He
338 717 552 769 reminds
583 717 800 767 Socrates
831 715 888 785 of
911 715 982 767 all
1016 716 1094 767 the
1109 715 1313 784 friends
1346 716 1457 786 they
1490 717 1616 768 have
1647 717 1823 780 lostjn
1857 713 1936 770 the
1966 718 2065 771 last

223 802 388 874 year]

159 924 207 964 50
299 890 576 959 Supererat
611 889 695 942 1116
731 888 860 939 mihi
895 887 1166 957 paululum
1204 888 1267 939 de
1284 891 1602 967 gagme'ntis
1639 891 1759 942 anni
1794 891 2065 962 praeteriti

230 991 352 1029 ante
386 976 507 1027 alios
541 976 618 1028 vir
653 974 971 1039 clarissimuS,
1008 988 1078 1038 et,
1113 974 1285 1044 siquid
1318 976 1447 1026 mihi
1482 976 1661 1042 credis,
1697 978 1871 1046 magni
1905 978 2065 1030 animi
2132 995 2135 998 '

230 1062 549 1131 consiliique,
591 1061 877 1130 Paganinus
917 1060 1340 1126 Mediolanensis,
1383 1062 1473 1131 qui
1514 1063 1643 1113 mihi
1683 1077 1801 1132 post
1840 1063 2065 1133 plurima

229 1149 584 1219 experimenta
627 1148 835 1199 virtutis
878 1147 1275 1217 acceptissimus,
1318 1167 1412 1199 nec
1457 1168 1541 1200 me
1583 1150 1742 1201 modo
1785 1150 1874 1202 sed
1917 1151 2064 1204 nobis

231 1235 555 1304 dignissimus
582 1234 714 1286 visus
744 1247 869 1285 erat.
934 1234 1123 1304 Itaque
1148 1235 1251 1285 iam
1278 1235 1363 1286 hic
1390 1235 1519 1286 mihi
1547 1235 1779 1288 Socrates
1807 1237 1937 1290 alter
1963 1258 2066 1291 esse

160 1348 206 1390 55
231 1335 490 1392 coeperat,
522 1320 646 1372 fides
678 1320 1102 1390 familiaritasque
1131 1341 1296 1390 prope
1326 1321 1523 1387 eadem,
1556 1322 1805 1393 quodque
1835 1323 2064 1376 dulcissi-

231 1428 378 1461 mum
399 1407 558 1459 habet
579 1408 823 1471 amicitia,
845 1407 1179 1476 participatio
1194 1408 1471 1485 utriusque
1489 1410 1749 1475 fortunae,
1771 1396 2067 1481 apertisque

231 1496 391 1547 animi
429 1494 657 1558 latebris,
694 1493 797 1545 fida
837 1494 1243 1545 communicatio
1282 1508 1663 1547 secretorum..
1737 1495 1890 1566 .[He
1927 1497 2069 1550 loved

230 1583 448 1634 Socrates
473 1581 604 1651 from
635 1581 713 1632 P?
718 1600 741 1631 s
765 1593 928 1649 report
961 1580 1018 1648 of
1043 1579 1187 1649 him]
1274 1581 1343 1632 Et
1381 1581 1465 1632 hic
1504 1537 1718 1651 quidem
1754 1582 1922 1680 (quod
1957 1584 2066 1636 sine
2115 1648 2117 1650 Ι

231 1669 408 1721 multis
443 1668 664 1719 lacrimis
699 1686 806 1718 non
842 1667 975 1731 dico,
1009 1681 1063 1718 et
1094 1686 1215 1718 cum
1246 1667 1480 1736 pluribus
1514 1663 1760 1734 dicerem,
1789 1670 1884 1721 nisi
1918 1690 2065 1740 prae-

158 1773 209 1813 60
232 1754 536 1806 cedentibus
569 1753 713 1804 malis
748 1753 1018 1804 exhaustos
1051 1753 1204 1804 hosce
1236 1753 1409 1806 oculos
1443 1767 1602 1823 atque
1633 1773 1828 1820 omnes,
1860 1756 1901 1807 si
1933 1774 2066 1826 quae

230 1855 371 1905 sunt,
391 1840 720 1891 lacrimarum
743 1840 979 1909 reliquias
1001 1839 1314 1891 instantibus
1337 1841 1686 1907 reservarem),
1708 1841 1810 1906 1116,
1831 1841 2066 1921 inquam,

231 1927 555 2005 pestilenti
519 1926 721 2003 morbo,
747 1926 837 1995 qui
869 1945 1008 1977 nunc
1032 1926 1213 1977 orbem
1235 1926 1555 2023 p—opulatur,
1562 1941 1777 1997 repente
1799 1942 2068 1998 correptus

233 2013 299 2064 ad
334 2031 617 2082 vesperam,
656 2027 935 2082 postquam
973 2032 1187 2064 coenam
1225 2031 1345 2064 cum
1383 2013 1555 2064 amicis
1593 2027 1646 2064 et
1683 2014 1827 2083 quod
1863 2014 2068 2067 occidui

233 2100 481 2169 temporis
533 2099 778 2163 restabat,
830 2100 885 2150 in
935 2113 1113 2150 nostro
1163 2113 1373 2151 tanturn
1423 2118 1658 2151 sermone
1706 2114 1760 2151 et
1811 2101 2068 2154 amicitiae

161 2205 208 2255 65
233 2204 511 2255 rerumque
547 2199 842 2237 nostrarum
878 2187 1376 2237 commemoratione
1414 2200 1818 2255 consumpserat,
1856 2201 2068 2240 noctem

231 2272 373 2324 illam
427 2273 565 2323 inter
622 2272 820 2323 dolores
876 2272 1087 2324 ultimos
1145 2273 1501 2342 imperterrito
1556 2273 1729 2324 animo
1784 2275 2066 2343 transegit3

232 2377 384 2410 mane
410 2372 585 2410 autem
612 2359 789 2429 rapida
814 2373 985 2410 morte
1008 2359 1302 2411 subtractus
1329 2373 1422 2424 est,
1449 2378 1506 2410 ac
1532 2378 1597 2410 ne
1621 2358 1751 2428 quid
1776 2358 1841 2410 de
1864 2361 2070 2413 funesta

233 2445 611 2496 consuetudine
647 2445 922 2510 laxaretur,
964 2445 1141 2497 triduo
1178 2445 1443 2515 inexpleto
1480 2445 1629 2497 illum
1667 2445 1759 2496 filii
1797 2446 2070 2516 omnisque

232 2531 427 2582 familia
466 2531 730 2582 consecuti
767 2545 906 2583 sunt.
949 2571 960 2583 .
1003 2572 1016 2583 .
1059 2573 1069 2582 .
1110 2529 1178 2600 [F
1179 2544 1260 2582 ate
1296 2550 1397 2583 was
1429 2531 1536 2582 still
1571 2543 1654 2582 not
1687 2532 1910 2601 satisfied
1947 2532 2068 2585 with

165 2642 211 2680 70
237 2617 335 2668 this
363 2615 642 2686 calamity]

302 2703 449 2755 Duos
471 2703 617 2754 nobis
640 2704 827 2755 amicos
850 2705 1061 2755 fortuna
1083 2703 1379 2773 reliquerat,
1403 2717 1456 2755 et
1475 2703 1598 2755 licet
1620 2702 1741 2755 alios
1763 2703 2069 2776 reliquisset,

234 2789 271 2839 ii
308 2802 485 2840 tamen
522 2802 668 2840 erant
705 2788 1017 2858 quibuscum
1055 2802 1261 2859 tempus
1297 2789 1435 2841 vitae
1471 2802 1675 2839 nostrae
1711 2789 1856 2858 quod
1891 2803 2069 2855 restat,

235 2895 292 2926 ea
320 2894 426 2926 non
452 2874 783 2944 prohibente,
811 2894 957 2944 posse
985 2874 1255 2926 traducere
1281 2873 1602 2927 videbamur.
1671 2874 1815 2933 Quid
1841 2874 1981 2927 enim
2007 2893 2071 2927 ex

236 2961 477 3013 omnibus
505 2960 745 3012 obstabat
770 2965 786 3012 ?
843 2962 966 3013 Non
987 2975 1281 3031 paupertas,
1301 2980 1405 3012 non
1428 2960 1655 3025 divitiae,
1675 2980 1780 3012 non
1803 2960 2070 3031 disparitas

168 3073 213 3115 75
237 3048 589 3101 voluntatum.
642 3046 862 3099 Animus
888 3048 942 3099 in
964 3061 1217 3118 quattuor
1243 3066 1375 3100 unus
1402 3060 1528 3098 erat.
1583 3047 1771 3117 Itaque
1795 3047 2068 3117 gloriabar,

238 3134 611 3204 antiquitatem
652 3134 867 3203 perraris
910 3148 962 3185 et
1007 3134 1062 3185 in
1102 3134 1308 3187 diversis
1345 3133 1556 3186 saeculis
1600 3149 1706 3185 uno
1756 3133 1838 3187 vel
1887 3133 2068 3199 altere,

239 3235 464 3273 aetatem
500 3239 621 3272 vero
658 3233 886 3271 nostram
918 3239 1020 3271 esse
1048 3233 1100 3271 et
1130 3219 1346 3272 domum
1374 3237 1531 3271 unam
1560 3218 1702 3271 brevi
1730 3219 1859 3286 fores
1868 3217 2069 3272 duobus

0 1973 153 2047 25:1ss
166 1968 201 1997 ““
