2242 3600
846 188 1205 242 VRBANO
1260 189 1309 241 V
1903 192 1991 247 161

153 316 501 386 magnitud03
582 337 689 370 non
747 318 888 369 enim
948 335 1034 369 me
1091 317 1371 370 maioribus
1431 318 1765 371 conferebam
1824 339 1998 390 neque

150 402 439 473 aequabam
479 403 665 468 verbiS‚
706 422 835 474 quos
882 417 1085 468 natura,
1126 422 1308 474 parens
1356 419 1446 457 aut
1492 407 1707 457 fortuna
1747 419 1899 458 tanto
1943 426 1996 458 se

149 503 381 542 creverat
426 489 737 554 intervallo;
802 489 892 541 sed
937 489 1003 541 ad
1047 489 1357 560 obsequium
1402 492 1635 544 veritatis
1680 492 1762 543 uti
1805 493 1994 562 spiritu

146 571 405 625 libertatis
427 592 533 625 non
557 572 765 625 licitum
786 571 946 634 modo
971 571 1062 624 sed
1085 572 1326 625 debitum
1354 573 1643 626 arbitrabar
1670 615 1683 627 .
1714 615 1726 626 .
1757 615 1770 627 .
1828 573 1918 645 [Is
1935 575 1995 627 he
2014 596 2064 638 25

147 670 295 710 wrote
321 671 366 711 to
390 659 546 729 Popes
568 659 707 712 when
730 679 763 711 a
782 677 951 729 young
969 677 1102 723 man,
1126 658 1234 711 still
1255 659 1347 711 less
1369 659 1541 713 sho‘uld
1563 660 1623 712 he
1631 660 1757 729 sear
1782 673 1827 713 to
1851 663 1995 714 write

147 746 203 798 in
224 744 304 797 his
323 744 405 798 old
425 764 531 814 age.
588 746 671 797 He
692 745 783 797 has
803 745 919 798 been
939 744 1088 798 silent
1107 745 1261 815 sofar
1275 746 1449 817 partly
1475 759 1519 798 to
1542 746 1693 800 avoid
1716 747 1796 799 the
1817 747 1994 817 charge

141 831 206 901 .⁰s
219 831 363 900 being
385 851 418 884 a
424 831 705 902 flatterer.]

216 917 535 990 Observator
587 936 721 984 sum,
776 919 964 984 fateor,
1019 937 1235 988 magnus
1288 918 1591 986 illustrium,
1647 938 1875 990 quorum
1930 939 1993 973 ex

145 1003 347 1058 actibus
388 1018 549 1075 atque
587 1004 834 1075 exemplis
874 1004 1104 1075 pendere
1142 1024 1254 1057 rem
1294 1006 1560 1076 publicam
1601 1008 1876 1072 existim03
1938 1021 1993 1060 te
2013 1025 2063 1065 30

144 1091 307 1159 igitur
345 1089 701 1156 observabam,
740 1104 794 1143 et
833 1091 926 1161 qui
961 1110 989 1143 a
1027 1092 1254 1143 minimis
1296 1105 1405 1144 tam
1442 1092 1776 1147 laudabiliter
1813 1094 1989 1147 incoe-

144 1177 316 1247 pisses,
345 1178 459 1246 quis
487 1196 612 1229 esses
644 1178 701 1229 in
728 1178 963 1230 maximis
991 1178 1372 1248 exspectabam.
1436 1178 1734 1231 Audiebam
1762 1192 1816 1231 te
1841 1198 1989 1250 prae-

140 1263 276 1318 latos
325 1263 675 1329 ecclesiarum,
723 1265 816 1334 qui
864 1264 1156 1318 Romanam
1203 1266 1401 1317 curiam
1448 1266 1875 1336 frequentabant,
1925 1266 1991 1318 ad

141 1350 285 1403 sedes
324 1351 557 1421 proprias
597 1352 860 1404 remisisse.
937 1352 1176 1422 Optime,
1214 1353 1449 1422 inquam,
1491 1372 1549 1404 ac
1588 1353 1863 1422 magnifice
1889 1394 1902 1406 .
1932 1394 1945 1406 .
1975 1394 1989 1408 .

141 1436 249 1509 [He
293 1437 652 1507 congratulates
696 1437 776 1490 the
818 1438 950 1508 Pope
977 1438 1069 1508 sor
1111 1438 1345 1508 checking
1389 1439 1468 1491 the
1511 1439 1900 1510 multiplication
1943 1441 2060 1511 of35

144 1525 415 1598 benffices]
484 1526 781 1580 Audiebam
817 1527 953 1580 circa
988 1526 1268 1580 habituum
1304 1527 1636 1580 honestatem
1673 1526 1896 1580 multam
1937 1541 1992 1580 te
2035 1534 2040 1535 ⁷

122 1633 323 1668 -curam
374 1613 713 1684 multumque
755 1613 993 1667 studium
1037 1613 1360 1684 impendere.
1442 1606 1766 1668 Laudabam.
1848 1615 1989 1668 Nam

142 1702 258 1772 quis
289 1699 468 1753 oculus
495 1702 607 1770 pati
639 1713 815 1770 potest
847 1700 974 1753 haec
1003 1699 1249 1767 ludibria,
1277 1719 1412 1771 quae
1438 1714 1614 1754 nostra
1639 1715 1776 1753 aetas
1808 1701 1989 1754 infelix

139 1786 239 1839 sibi
281 1786 453 1851 finxit,
498 1786 627 1839 dum
668 1787 895 1839 formosa
935 1786 1051 1840 vult
1092 1786 1275 1852 videri,
1319 1787 1558 1839 manibus
1598 1806 1652 1839 se
1693 1787 1989 1841 deformans

140 1874 261 1940 suiS‚
297 1892 356 1926 ac
391 1873 690 1943 turpissime
724 1873 1110 1926 dehonestans?
1183 1873 1358 1933 Quem
1390 1874 1722 1926 stomachum
1756 1889 1989 1928 monstra
2008 1896 2059 1932 40

139 1961 267 2013 haec
300 1973 579 2030 conspecta
613 1979 720 2013 non
752 1961 1013 2030 quatiant,
1047 1962 1258 2014 cornuti
1291 1961 1466 2027 calcei,
1501 1963 1718 2032 pennati
1751 1963 1986 2029 vertices,

139 2045 362 2099 caudata
382 2045 623 2098 caesaries
644 2060 698 2098 et
718 2046 775 2098 in
797 2047 983 2098 tricam
1005 2060 1164 2112 torta,
1185 2049 1384 2099 frontes
1405 2049 1637 2101 virorum
1659 2048 1987 2102 muliebriter

140 2131 476 2185 discriminali
531 2131 764 2185 eburneo
818 2133 1062 2200 sulcatae,
1118 2133 1380 2188 lasciviosa
1435 2135 1587 2188 vestis
1643 2135 1988 2188 verecundiae

116 2219 367 2307 'inimica,
387 2232 592 2272 ventres
614 2220 812 2272 astricti
833 2219 1053 2272 fidiculis
1074 2234 1128 2273 et
1148 2220 1346 2287 afflicti,
1366 2239 1463 2291 pro
1482 2222 1715 2275 vanitate
1733 2223 1984 2292 patienti-

112 2313 119 2356 ἱ
139 2306 234 2359 bus
252 2305 446 2358 miseris
469 2305 614 2376 quod
635 2306 776 2359 beati
798 2306 925 2359 olim
947 2326 1045 2378 pro
1060 2307 1284 2361 veritate
1304 2308 1435 2378 passi
1451 2322 1574 2361 sunt
1602 2313 1620 2362 ἒ
1642 2350 1655 2362 .
1675 2350 1688 2362 .
1709 2349 1722 2362 .
1780 2308 1872 2379 [W
1871 2309 1986 2362 ould
2006 2332 2055 2373 45

140 2392 251 2446 that
270 2391 398 2445 these
415 2411 521 2445 new
522 2392 756 2463 fashions
773 2393 874 2446 had
890 2393 1007 2446 been
1024 2393 1274 2447 abolished
1290 2396 1344 2448 in
1360 2394 1502 2465 Italy
1523 2394 1637 2467 too.]
1688 2395 1984 2449 Audiebam

138 2491 406 2550 praeterea
443 2479 758 2548 singularem
792 2479 936 2532 illam
977 2494 1124 2534 tuam
1159 2499 1338 2533 curam
1377 2495 1759 2553 paternamque
1794 2482 1983 2536 sollici-

140 2565 383 2618 tudinem
430 2566 568 2618 circa
620 2567 947 2619 Bononiense
998 2565 1266 2633 Studium,
1318 2582 1517 2638 quanta
1567 2568 1698 2621 nulli
1748 2588 1984 2640 unquam

139 2650 455 2722 pontificum
476 2651 658 2704 fuisset
680 2666 772 2704 aut
793 2652 1113 2723 principum,
1135 2653 1324 2723 quibus
1346 2655 1663 2725 quantisque
1683 2655 1982 2726 privilegiis,

138 2755 243 2807 qua
269 2737 673 2805 magnificentia,
698 2757 802 2809 qua
828 2739 1029 2809 pietate
1053 2738 1185 2792 illud
1209 2739 1376 2810 longis
1404 2760 1462 2793 ac
1487 2741 1695 2811 iugibus
1723 2741 1982 2797 bellorum
2007 2765 2057 2806 50

139 2822 437 2875 turbinibus
472 2838 771 2893 quassatum
803 2838 1136 2895 stratumque
1168 2826 1336 2896 erigis,
1371 2841 1426 2880 et
1460 2828 1733 2898 antiquam
1765 2828 1841 2883 illi
1875 2849 1982 2883 non

140 2908 301 2960 modo
327 2909 556 2962 restituis
587 2910 679 2962 sed
709 2911 750 2962 si
784 2929 919 2980 quae
944 2912 1048 2963 fors
1081 2912 1287 2979 faverit,
1314 2913 1596 2985 amplificas
1623 2915 1783 2967 etiam
1811 2914 1979 2984 digni-

140 3009 306 3048 tatem
341 3036 354 3048 .
390 3036 402 3048 .
439 3036 452 3048 .
522 2994 673 3066 [This
698 2997 788 3049 has
814 2998 964 3066 given
990 3017 1046 3050 us
1077 2998 1197 3069 hope
1224 2999 1335 3053 that
1354 3019 1452 3071 you
1479 3001 1606 3053 have
1631 3013 1715 3053 not
1729 3001 1982 3071 sorgotten

138 3082 172 3133 I
177 3079 324 3151 taly.]
398 3080 694 3134 Audiebam
738 3082 966 3154 denique
1008 3098 1063 3137 te
1101 3084 1370 3139 licentiam
1413 3087 1747 3158 pestilentem
1787 3087 1981 3141 salubri

138 3167 271 3221 falce
311 3168 490 3237 rigoris
532 3169 825 3240 aequissimi
867 3171 1189 3242 praecidisse,
1230 3172 1373 3226 illam
1415 3174 1534 3227 dico
1573 3193 1709 3245 quae
1746 3173 1980 3229 scelestes
2001 3199 2049 3240 55

140 3254 376 3308 homines
424 3254 729 3323 gravissimis
765 3257 1091 3345 tfacinoribus
1106 3245 1453 3330 “perpetratis
1504 3260 1570 3313 ad
1618 3260 1978 3314 Cardinalium

215 3356 318 3407 2548
1042 3365 1084 3398 M
