2242 3600
243 138 310 208 96
734 136 1230 189 GHERARDO
1286 136 1608 190 FRATRI

238 281 538 339 =exportasse
578 268 679 319 tuis
718 266 965 331 humeriS,
1004 285 1126 318 cum
1164 267 1267 318 iam
1307 267 1398 336 qui
1436 265 1643 318 foderet
1681 271 1772 319 aut
1810 268 1902 338 qui
1939 268 2087 321 iuxta

245 355 590 407 morientibus
617 353 887 405 exhiberet
914 371 1070 404 nemo
1096 367 1243 406 esset.
1290 352 1488 426 ‘Solum
1517 367 1571 405 te
1597 352 1662 405 ad
1687 353 2110 422 ultimum-gum*

207 506 212 510 .
243 460 369 493 cane
403 442 560 493 unico
594 440 907 516 remansisse
925 439 1050 491 totis
1085 439 1329 492 noctibus
1362 438 1685 507 vigilantem,
1722 439 1926 493 modica
1958 439 2088 494 lucis

173 559 221 599 45
243 541 394 598 parte
436 527 745 578 necessariae
785 525 954 595 quieti
996 524 1153 589 data3
1217 543 1339 577 cum
1379 525 1593 577 interim
1634 525 1918 595 praedones
1960 545 2086 578 noc-

245 613 407 678 turni,
454 630 680 682 quorum
727 612 1036 664 feracissima
1082 626 1158 663 est
1204 612 1363 680 regi0,
1408 630 1559 681 saepe
1603 631 1697 682 per
1740 612 2088 682 intempestae

244 700 410 751 noctis
455 699 658 750 silentia
701 698 877 750 locum
920 697 1223 750 invadentes
1268 717 1297 749 a
1341 711 1412 762 te,
1444 698 1621 768 ..immo
1666 717 1693 749 a
1737 697 2087 768 Chzifffioflui
2146 695 2155 761 s
2217 735 2221 737 Α

246 800 423 852 tecum
453 800 581 850 erat,
613 804 752 837 nunc
782 785 1007 855 pacificis
1037 804 1177 836 nunc
1209 784 1487 836 acrioribus
1518 784 1685 837 verbis
1715 784 1924 849 exclusi,
1956 784 2089 836 nihil

246 872 422 924 damni
459 873 608 924 sacris
647 872 858 924 aedibus
896 872 1087 923 inferre
1124 871 1414 941 potuerint.
1488 870 1627 922 Cum
1666 890 1788 923 vero
1826 871 2087 923 transisset
2128 881 2130 883 ’

177 985 225 1025 50
245 973 404 1010 aestas
444 958 530 1010 illa
573 958 833 1023 terribilis,
875 958 1067 1009 misisse
1108 971 1163 1009 te
1203 956 1268 1008 ad
1308 957 1544 1026 proxima
1583 975 1849 1009 servorum
1891 956 2090 1010 Christi

243 1045 356 1096 loca
384 1059 445 1096 ut
475 1045 656 1115 aliquis
687 1045 786 1096 tibi
812 1045 914 1096 loci
944 1045 1023 1096 tui
1052 1058 1223 1096 custos
1252 1038 1591 1107 mitteretur3
1641 1062 1747 1113 quo
1775 1045 1917 1095 facto
1943 1043 2092 1095 ivisse

248 1132 598 1197 Carthusiam,
633 1145 686 1184 et
720 1131 783 1183 ab
817 1131 909 1182 illo
942 1130 1202 1199 religionis
1235 1148 1374 1181 nunc
1408 1128 1611 1181 cultore
1644 1129 1799 1181 unico
1831 1129 1887 1181 in
1920 1129 2088 1193 terris,

248 1219 420 1290 priore
452 1218 571 1283 loci,
606 1219 745 1269 inter
779 1216 880 1269 tres
916 1231 970 1269 et
1005 1217 1275 1285 octoginta
1308 1216 1502 1285 priores
1536 1215 1858 1284 alienigenaS,
1895 1228 1949 1267 te
1982 1233 2090 1267 non

249 1305 477 1375 priorem
509 1302 755 1372 singulari
789 1317 842 1354 et
875 1302 1088 1354 insolito
1122 1303 1321 1354 honore
1353 1314 1652 1371 susceptum
1686 1300 1988 1365 obtinuisse,
2023 1314 2086 1353 ut

180 1413 226 1454 55
250 1391 350 1443 tibi
388 1391 531 1460 prior
569 1409 626 1441 ac
666 1390 911 1441 monachi
951 1389 1218 1454 darentur,
1258 1407 1387 1458 quos
1426 1408 1454 1439 e
1493 1387 1704 1440 diversis
1743 1387 2088 1440 conventibus

251 1479 497 1547 elegisses,
548 1477 736 1547 quibus
788 1477 1052 1528 desertum
1102 1490 1274 1528 morte
1323 1489 1537 1527 tuorum
1586 1474 1959 1526 monasterium
2007 1493 2087 1526 re-

250 1567 515 1629 formareS,
539 1578 699 1633 teque
717 1564 816 1615 hoc
837 1563 982 1615 velut
1003 1563 1194 1614 eximio
1216 1561 1488 1630 triumpho
1506 1560 1844 1612 laetissimum
1865 1559 2088 1612 rediisse.

253 1652 336 1703 Ita
369 1665 459 1703 tua
492 1670 631 1715 cura,
666 1663 758 1702 tua
787 1650 1057 1719 sapientia,
1092 1663 1183 1701 tua
1215 1648 1319 1699 fide
1349 1647 1554 1699 Montis
1587 1646 1704 1698 Rivi
1735 1645 2091 1718 venerandum

252 1738 396 1802 olim,
458 1751 637 1807 postea
699 1736 981 1800 desertum,
1044 1735 1358 1787 coenobium
1418 1734 1785 1797 instauratum,
1846 1733 2106 1803 interque

180 1839 231 1877 60
255 1823 585 1876 difficultates
632 1824 752 1874 istas
800 1836 960 1892 atque
1006 1822 1124 1874 alias
1172 1820 1360 1872 multas
1409 1819 1508 1871 tibi
1555 1833 1608 1870 et
1656 1818 1814 1871 robur
1861 1818 2090 1888 corporis
2150 1850 2153 1851 ν

253 1910 478 1962 solidum
505 1923 558 1960 et
585 1908 942 1962 valetudinem
969 1909 1226 1978 optimam
1255 1920 1506 1970 constare,
1535 1919 1588 1956 et
1616 1905 1768 1975 quale
1794 1905 2090 1974 religiosum

258 1997 408 2048 decet
436 1998 634 2047 formae
655 1995 834 2066 decuS.

324 2082 472 2141 Quae
500 2101 575 2132 res
604 2100 689 2132 me
715 2082 770 2132 in
797 2094 1067 2150 stuporem
1104 2093 1277 2148 ageret
1306 2079 1402 2130 nisi
1432 2079 1633 2142 scirem,
1662 2091 1723 2128 ut
1751 2077 1823 2130 ait
1852 2076 2092 2147 quidam,

254 2169 388 2221 viros
426 2181 627 2220 sanctos
666 2168 886 2219 virtutes
927 2167 1085 2217 etiam
1125 2165 1413 2217 aedificasse
1443 2162 1559 2234 [sic]
1589 2181 1894 2232 corporeas;
1952 2162 2089 2214 bona

185 2273 233 2322 65
256 2254 502 2324 equidem
538 2253 785 2306 valetudo
822 2253 981 2304 animi
1016 2271 1166 2321 saepe
1201 2250 1556 2304 valetudinem
1592 2249 1819 2318 corporis
1854 2249 2092 2318 viresque

257 2341 614 2392 membrorum
647 2359 704 2391 ac
730 2329 910 2392 ⁸vultus
943 2339 1166 2408 speciem
1201 2351 1397 2390 tuetur.
1466 2335 1717 2387 Ceterum
1749 2335 1874 2386 haec
1907 2334 2006 2386 illis
2037 2348 2093 2386 et

257 2427 353 2478 alia
399 2426 464 2477 de
510 2440 564 2477 te
609 2426 776 2477 multa
822 2425 1153 2477 narrantibus
1199 2442 1319 2476 cum
1366 2423 1633 2492 episcopus
1678 2420 1824 2472 laetis
1869 2420 2092 2472 lacrimis

256 2512 468 2564 madens
504 2531 588 2563 me
624 2513 891 2581 aspiceret,
929 2526 982 2563 et
1019 2530 1114 2579 ego
1151 2510 1321 2561 nescio
1356 2528 1423 2560 an
1455 2508 1597 2559 siccis
1633 2506 1792 2558 oculis
1827 2506 1917 2558 sed
1952 2519 2093 2559 certe

255 2600 389 2651 sicco
412 2598 568 2649 corde
592 2617 696 2649 non
721 2617 897 2663 essem,
922 2597 997 2648 illi
1019 2597 1195 2649 subito
1217 2597 1272 2647 in
1295 2614 1378 2646 me
1401 2594 1530 2647 versi
1551 2612 1640 2645 seu
1665 2592 1842 2645 divino
1865 2593 2091 2657 monitu,

188 2714 236 2751 70
255 2705 344 2738 seu
373 2684 603 2755 quodam
643 2685 831 2735 mentis
872 2684 1087 2752 augurio
1126 2684 1180 2734 in
1215 2682 1367 2735 vultu
1398 2675 1579 2753 Qffiej'
1594 2694 1861 2731 cernentes
1890 2679 1979 2748 pio
2007 2696 2092 2730 me

256 2773 457 2841 gemitu
486 2790 542 2822 ac
569 2770 759 2839 gaudio
796 2770 1069 2840 complexi.
1140 2771 1153 2793 ‘
1178 2769 1227 2821 O
1260 2768 1418 2832 felix‚'
1447 2767 1716 2836 inquiunt,
1745 2767 1758 2790 ‘
1782 2765 1954 2819 fratris
1980 2765 2090 2835 pie-

258 2860 401 2911 tate.'
505 2857 684 2909 Multa
732 2857 971 2926 deinceps
1021 2857 1116 2908 alia
1164 2856 1408 2907 dixerunt
1455 2873 1589 2924 quae
1635 2852 1858 2905 tacendo
1904 2851 2087 2904 melius

257 2944 604 3015 expresserim.
675 2943 763 2994 Tu
800 2943 945 3006 vale3
1004 2957 1056 2994 et
1094 2956 1310 3012 propter
1346 2940 1489 3011 quod
1525 2939 1649 2991 haec
1686 2939 1861 2991 omnia
1895 2938 2086 3007 scripta

256 3045 397 3096 sunt,
443 3032 524 3082 fac
584 3030 813 3093 obsecr0,
860 3030 933 3080 mi
984 3031 1161 3092 frater,
1208 3042 1268 3079 ut
1315 3025 1522 3096 qualem
1567 3025 1785 3095 coepisti
1831 3023 1991 3075 talem
2037 3037 2092 3075 te

188 3137 234 3178 75
258 3131 481 3188 praestes
507 3116 562 3168 in
590 3116 764 3167 finem.
827 3113 1025 3185 [1352]
