2242 3600
766 193 1204 247 DIONYSIO
1259 195 1420 248 SVO
1954 211 2015 265 17

149 326 383 401 [Though
432 327 539 380 still
588 326 775 397 subject
826 337 871 377 to
924 326 1235 394 temptation,
1287 326 1367 378 his
1415 326 1575 378 desire
1608 325 1701 395 for
1748 325 1927 394 reform
1972 326 2018 378 is

149 412 406 486 genuine]

223 503 428 555 Instare
468 501 610 553 enim
653 514 861 570 tempus
905 498 1151 564 abeundi,
1194 499 1341 570 quod
1380 500 1658 552 inclinaret
1698 500 1803 552 iarn
1844 498 1921 551 sol
1961 513 2016 552 et

152 588 343 641 umbra
373 587 568 640 montis
603 599 957 651 excresceret3
1012 585 1314 640 admonitus
1353 601 1408 640 et
1439 587 1587 640 velut
1619 587 2014 657 expergefactus

152 689 304 729 verto
349 694 436 727 me
480 675 536 727 in
582 688 791 743 tergum
838 672 904 725 ad
950 672 1282 726 occidentem
1329 674 1622 744 respicienS.
1704 673 1882 724 Limes
1927 671 2015 725 ille
2040 691 2111 735 τις

153 762 448 816 Galliarum
488 775 542 814 et
580 759 866 831 Hispaniae
902 759 1196 830 Pyrenaeus
1232 774 1414 813 vertex
1451 760 1577 813 inde
1598 759 2013 832 nomcermtur‚

156 849 347 902 nullius
402 867 562 919 quem
617 848 774 901 sciam
829 846 992 899 obicis
1045 848 1371 913 interventu,
1426 847 1518 900 sed
1568 847 1675 900 sola
1729 846 2015 916 fragilitate

152 936 386 989 mortalis
440 937 592 990 visus,
682 934 1049 1004 Lugdunensis
1102 948 1282 987 autem
1333 935 1635 1005 provinciae
1686 948 1894 986 montes
1948 933 2014 986 ad

153 1023 442 1090 dexteram,
485 1022 551 1075 ad
590 1022 791 1075 laevam
833 1042 957 1076 vero
1002 1022 1264 1075 Massiliae
1305 1024 1504 1075 fretum
1550 1036 1605 1075 et
1650 1021 1797 1093 quod
1836 1021 2014 1093 Aquas

152 1111 398 1164 Mortuas
433 1109 694 1176 verberat,
723 1110 927 1180 aliquot
966 1109 1172 1162 dierum
1210 1110 1382 1181 spatio
1418 1109 1684 1175 distantia,
1713 1108 2010 1179 praeclaris-
2041 1125 2117 1155 120

151 1198 281 1250 sime
296 1197 642 1271 yidebantur.
707 1196 993 1251 Rhodanus
1019 1197 1119 1249 iste
1143 1196 1241 1249 sub
1268 1197 1429 1250 oculis
1458 1195 1645 1250 nostris
1672 1210 1802 1250 erat.

220 1269 372 1347 Quae
393 1284 522 1337 dum
544 1285 761 1337 mirarer
780 1284 982 1354 singula
1004 1298 1059 1337 et
1081 1303 1222 1337 nunc
1245 1298 1515 1337 terrenum
1539 1283 1739 1355 aliquid
1759 1302 2013 1354 saperem,

151 1392 294 1426 nunc
322 1372 563 1443 exemplo
597 1372 827 1443 corporis
861 1372 1097 1424 animum
1130 1371 1197 1424 ad
1230 1372 1415 1424 altiora
1446 1371 1810 1437 subveherem‚
1844 1371 2013 1426 visum

125 1473 231 1527 ,est
257 1460 390 1512 mihi
405 1460 788 1539 fonfessionum
815 1458 1104 1529 Augustini
1132 1459 1357 1535 librum,
1378 1459 1609 1511 caritatis
1647 1473 1771 1511 tuae
1802 1477 2013 1525 munuS,

150 1549 424 1619 inspicere,
454 1534 614 1619 quem
645 1562 699 1600 et
728 1547 1014 1600 conditoris
1045 1561 1099 1599 et
1127 1546 1395 1599 donatoris
1424 1547 1480 1599 in
1508 1547 1817 1599 memoriam
1846 1565 2011 1613 serv0,
2039 1567 2109 1610 125

151 1635 431 1707 habeoque
449 1654 670 1708 semper
702 1635 759 1687 in
792 1634 1052 1700 manibuS,
1087 1634 1344 1705 pugillare
1377 1633 1709 1704 opusculum,
1744 1634 2014 1704 perexigui

153 1723 434 1778 voluminis
466 1722 557 1775 sed
587 1722 828 1774 infinitae
859 1721 1167 1775 dulcedinis,
1242 1722 1458 1791 Aperi0,
1485 1721 1716 1774 lecturus
1748 1721 2014 1792 quidquid

153 1824 452 1864 occurreret
475 1831 489 1875 ;
533 1809 664 1880 quid
687 1809 827 1861 enim
851 1809 947 1860 nisi
970 1809 1118 1879 pium
1141 1822 1195 1862 et
1218 1808 1473 1861 devotum
1496 1822 1669 1879 posset
1691 1827 1965 1861 occurrere
1992 1813 2010 1863 ἔ

133 1898 526 1987 ‘gorteautem
569 1897 801 1949 decimus
843 1896 978 1949 illius
1019 1896 1188 1966 operis
1228 1895 1362 1949 liber
1393 1896 1601 1949 oblatus
1638 1910 1732 1950 est.
1811 1897 2012 1962 Frater,

153 1998 457 2055 exspectans
489 2003 583 2054 per
613 2002 667 2035 os
685 2002 875 2036 meum
909 1982 974 2035 ab
1006 1983 1305 2053 Augustino
1333 1983 1534 2054 aliquid
1566 1983 1766 2051 audire,
1792 1983 2012 2036 intentis
2036 2005 2111 2045 130

152 2071 364 2125 auribus
395 2070 586 2124 stabat.
644 2070 838 2142 &Deum
876 2084 1040 2123 testor
1074 2071 1356 2141 ipsumque
1389 2071 1483 2141 qui
1515 2070 1712 2137 aderat,
1737 2070 1884 2142 quod
1919 2070 2013 2123 ubi

155 2160 389 2231 primum
445 2158 602 2210 defixi
657 2142 834 2210 oculos
889 2157 1146 2227 scriptum
1201 2171 1349 2211 erat:
1426 2159 1440 2183 ‘
1464 2158 1534 2210 Et
1589 2171 1720 2210 eunt
1774 2157 2012 2210 homines

153 2246 399 2299 admirari
434 2245 538 2298 alta
571 2245 839 2297 montium
875 2258 929 2297 et
963 2244 1200 2314 ingentes
1233 2245 1427 2297 fluctus
1460 2244 1615 2297 maris
1650 2258 1705 2297 et
1738 2244 2011 2298 latissimos

155 2333 327 2404 lapsus
373 2332 658 2385 fluminum
709 2346 763 2384 et
814 2331 995 2384 oceani
1045 2331 1306 2384 ambitum
1358 2346 1412 2385 et
1461 2319 1611 2403 gyros
1660 2331 1890 2384 siderum
1938 2347 2066 2407 tert&

155 2419 464 2495 relinquunt
503 2439 557 2493 se
592 2420 766 2492 ipsos?
844 2418 1132 2489 Obstupui,
1172 2420 1360 2484 fateor,
1402 2418 1759 2490 audiendique
1797 2419 2010 2473 avidum
2036 2442 2108 2484 ¹35

154 2508 372 2560 fratrem
413 2492 615 2576 rogans,
658 2526 724 2559 ne
763 2506 895 2558 mihi
935 2506 1184 2559 molestus
1224 2521 1372 2572 esset,
1414 2506 1609 2559 librum
1651 2506 1809 2558 clausi
1849 2507 2012 2560 iratus

156 2594 400 2646 mihimet
436 2594 582 2665 quod
618 2613 760 2646 nunc
801 2594 961 2647 etiam
999 2595 1262 2647 terrestria
1298 2595 1531 2660 mirarer,
1568 2595 1661 2665 qui
1697 2593 2011 2664 iampridem

157 2680 222 2733 ab
257 2681 378 2752 ipsis
414 2681 655 2750 gentium
693 2681 1014 2752 philosophis
1052 2681 1248 2733 discere
1285 2681 1596 2746 debuissem,
1635 2680 1767 2732 nihil
1803 2694 2011 2751 praeter

157 2768 392 2821 animum
421 2787 527 2820 esse
552 2767 808 2834 mirabile,
838 2769 923 2820 cui
951 2787 1143 2837 magno
1171 2768 1302 2820 nihil
1330 2782 1406 2820 est
1434 2786 1704 2837 magnum.

223 2854 382 2907 Tunc
427 2874 551 2908 vero
595 2869 835 2908 montem
882 2856 1001 2908 satis
1047 2855 1234 2908 vidisse
1278 2869 1560 2907 contentus
1606 2855 1661 2906 in
1706 2873 1793 2906 me
1836 2855 2008 2924 ipsum
2035 2875 2108 2913 140

154 2942 427 2995 interiores
452 2941 628 2995 oculos
653 2942 846 3009 reflexi,
873 2957 927 2995 et
953 2962 1015 2995 ex
1038 2942 1123 2994 illa
1148 2942 1275 2995 hora
1300 2962 1407 2994 non
1431 2943 1535 2995 fuit
1560 2943 1653 3012 qui
1678 2960 1764 2994 me
1786 2942 2009 3012 loquen-

157 3042 268 3081 tem
305 3027 530 3094 audiret,
557 3028 726 3081 donec
762 3029 828 3081 ad
862 3030 968 3081 ima
999 3029 1332 3099 pervenimus
1360 3070 1372 3082 .
1402 3071 1414 3082 .
1444 3071 1457 3082 .
1526 3026 1632 3100 [He
1668 3030 1713 3080 is
1747 3029 2014 3081 convinced

158 3116 271 3169 that
294 3116 338 3168 it
360 3134 464 3167 was
486 3128 569 3168 not
590 3135 720 3169 mere
743 3116 924 3169 chance
948 3115 1108 3168 which
1132 3115 1214 3168 led
1235 3116 1339 3169 him
1367 3129 1411 3168 to
1436 3129 1555 3186 open
1580 3128 1635 3167 at
1661 3115 1772 3167 that
1790 3128 2011 3167 sentence

156 3202 215 3273 of
234 3201 306 3255 St.
338 3201 662 3273 Augustine]
726 3203 837 3254 Hos
868 3203 1009 3255 inter
1039 3202 1207 3255 nudos
1238 3203 1463 3272 pectoris
1495 3216 1689 3267 motuS,
1721 3202 1831 3254 sine
1859 3221 2010 3256 sensu

154 3287 444 3357 scrupulosi
479 3289 723 3355 tramitis,
757 3288 823 3342 ad
857 3288 989 3342 illud
1022 3288 1366 3359 hospitiolum
1400 3289 1675 3355 rusticum,
1710 3288 1854 3341 unde
1888 3303 2010 3342 ante
2034 3307 2106 3348 145

240 3387 345 3438 2548
1072 3394 1104 3428 C
