2242 3600
247 213 339 249 112
731 193 1239 248 FRANCISCO
1293 196 1588 250 PRIORI

180 325 320 384 10fui
342 346 356 389 ;
403 343 542 377 nunc
569 323 634 376 ad
661 323 886 376 radicem
913 325 1176 379 montium
1202 326 1294 379 ubi
1319 327 1406 379 ille
1430 329 1611 381 crescit
1638 343 1691 382 et
1718 331 1945 384 nascitur
1969 331 2072 385 iam

246 410 559 463 decrescenti
588 411 689 463 iter
716 423 791 462 est
819 411 948 463 mihi
974 425 1028 463 et
1054 411 1177 464 inde
1203 412 1402 481 longius
1431 412 1496 464 ad
1523 428 1754 468 extrema
1781 430 2036 470 terrarum
2058 438 2073 482 3

246 518 459 568 magnus
504 498 649 550 labor
692 497 994 568 praesertim
1038 498 1092 550 in
1138 512 1289 550 tanto
1327 500 1573 552 contrarii
1617 501 1875 572 appetitu.
1973 501 2076 555 Sed

247 587 341 639 nisi
366 586 556 650 irritus,
584 604 689 636 non
713 584 893 652 graviS.
959 584 1059 635 Pro
1082 584 1294 654 publico
1321 585 1460 636 enim
1488 584 1627 637 bono
1652 586 1820 639 nullus
1845 588 2078 658 privatus

245 672 392 725 labor
426 690 530 722 non
564 669 724 724 facilis
759 668 924 722 videri
958 668 1132 722 debet.
1203 670 1427 722 Proinde
1460 671 1593 723 hanc
1627 672 1696 723 ob
1731 691 1934 726 causam
1969 693 2075 727 non

185 780 225 819 15
249 754 399 807 aliam
439 753 503 805 ab
543 754 642 804 hoc
681 752 937 821 Ligurum
976 765 1249 821 regnatore
1287 753 1463 805 missus
1504 753 1569 806 ad
1608 754 1879 807 Caesarem
1917 775 1981 826 pr
2017 756 2077 809 fi-

249 841 424 904 ciscor,
483 857 746 909 quamque
802 838 1040 890 mittenti
1097 851 1439 908 susceptoque
1495 839 1673 892 efficax
1729 842 1941 911 negotio
1981 776 2081 929 {res

251 925 497 989 docebit;
564 925 693 976 mihi
738 942 861 977 vero
906 937 1118 976 eatenus
1163 925 1443 993 morigerer
1487 940 1548 979 ut
1592 926 1759 993 illum,
1805 947 1928 981 cum
1972 947 2080 1000 quo

251 1012 427 1064 absens
474 1010 662 1063 litteris
711 1009 786 1062 nil
832 1010 1047 1080 profeci,
1096 1029 1223 1063 voce
1270 1030 1503 1080 praesens
1552 1013 1749 1067 feriam.
1834 1014 2081 1084 Litigabo

253 1115 569 1168 arguamque
593 1115 714 1149 eum
739 1110 792 1148 et
815 1110 1043 1149 statuam
1068 1109 1250 1148 contra
1273 1097 1459 1149 faciem
1484 1099 1589 1151 eius
1614 1099 1747 1151 hanc
1772 1099 2080 1170 degenerem

182 1208 230 1236 20
255 1199 307 1237 et
337 1183 592 1236 Caesareis
621 1182 851 1235 moribus
862 1182 1147 1252 „indignam
1175 1183 1369 1252 fugam,
1399 1197 1460 1236 ut
1488 1185 1528 1236 si
1557 1184 1686 1237 nulli
1714 1187 1827 1239 usui
1854 1187 1956 1239 iter
1981 1187 2083 1239 hoc

255 1289 431 1323 meum
469 1271 552 1335 sit,
593 1283 734 1321 certe
771 1268 967 1338 legatus
1007 1269 1115 1339 ipse
1153 1270 1283 1321 mihi
1321 1271 1484 1324 fuero,
1559 1271 1734 1323 Primo
1772 1273 1912 1325 enim
1950 1292 2085 1345 quae

257 1358 541 1422 commissa,
581 1370 700 1426 post
741 1374 969 1408 seorsum
1013 1374 1147 1426 quae
1190 1371 1443 1427 concepta
1485 1358 1615 1410 mihi
1656 1373 1779 1411 sunt
1821 1378 2084 1430 peragam.

259 1445 388 1497 Vtar
413 1443 657 1495 libertate
688 1460 801 1494 mea
828 1455 881 1494 et
909 1441 1136 1494 Caesaris
1171 1456 1289 1494 utar
1314 1443 1585 1513 patientia.
1662 1443 1745 1496 Sic
1772 1464 1856 1497 me
1882 1445 2086 1512 saltem,

260 1532 330 1583 sic
363 1528 570 1583 Italiam
603 1542 656 1580 et
691 1528 953 1580 desertum
987 1529 1267 1598 imperium
1282 1529 1528 1605 ulciscar.
1598 1529 1782 1583 Orabis
1815 1551 1912 1602 pro
1937 1532 2088 1585 felice

188 1641 235 1683 25
259 1616 449 1681 reditu,
475 1628 593 1685 post
618 1633 793 1685 quem,
819 1627 879 1666 ut
903 1633 1069 1684 spem,
1093 1615 1164 1666 sic
1188 1615 1242 1666 in
1265 1615 1602 1668 solitudinem
1627 1630 1769 1670 totus
1793 1618 2087 1688 immergar,

260 1713 321 1752 ut
360 1697 528 1750 nullus
565 1697 638 1749 ibi
679 1715 763 1748 me
796 1696 942 1749 labor
974 1697 1028 1765 (o
1058 1696 1187 1768 quid
1219 1711 1341 1750 ante
1373 1697 1639 1768 sepultum
1671 1718 1822 1770 spero
1844 1701 1879 1768 l)
1918 1700 2089 1754 nullus

262 1805 346 1838 me
372 1783 627 1837 nobilium
652 1796 912 1836 scrutator
936 1782 1253 1836 latebrarum
1278 1783 1411 1838 livor
1447 1785 1693 1838 inveniat.
1773 1786 1901 1861 Vale
1926 1786 2091 1840 nostri

264 1888 481 1923 memor.

330 1955 640 2021 Mediolani,
674 1974 1018 2026 praepropere
1051 1969 1103 2007 et
1137 1955 1275 2007 inter
1308 1955 1599 2009 tumultum
1631 1956 1903 2010 sarcinulas
1934 1958 2091 2011 strin-

195 2069 244 2108 30
266 2042 521 2111 gentium,
549 2060 654 2095 XIV.
689 2041 947 2095 Kalendas
978 2041 1117 2094 Iunii
1143 2040 1338 2114 [1356]

394 2258 650 2318 Guidoni
677 2258 1113 2340 Archiepiscopo
1146 2258 1449 2319 Genuensi.
1532 2258 1696 2319 Fam.
1727 2259 1844 2320 xix.
1882 2258 1968 2321 16.

396 2392 522 2445 OVI
553 2407 640 2458 te;
688 2394 792 2446 scio
820 2412 977 2464 quam
1007 2394 1071 2446 de
1099 2412 1183 2446 me
1209 2412 1410 2465 semper
1437 2395 1612 2448 anxius
1643 2395 1798 2448 fueris
1833 2413 2098 2466 quamque

395 2479 661 2532 sollicituS.
745 2481 813 2532 Et
841 2482 1079 2550 profecto
1107 2500 1213 2532 non
1240 2494 1379 2533 amat
1412 2481 1503 2551 qui
1537 2500 1642 2533 non
1681 2482 1917 2537 metuit..
1980 2480 2096 2535 Sta-

271 2580 388 2618 tum
415 2584 591 2618 meum
624 2566 696 2619 vis
734 2566 911 2619 audire
938 2607 950 2619 .
981 2608 993 2619 .
1024 2608 1035 2619 .
1111 2566 1216 2638 [He
1241 2568 1285 2619 is
1317 2585 1480 2619 aware
1515 2567 1624 2619 that
1651 2567 1814 2620 Guido
1839 2568 2020 2621 derit-es
2054 2581 2099 2622 to

271 2652 391 2704 hear
425 2652 503 2703 the
520 2651 700 2721 fullest
731 2652 911 2705 details
942 2653 999 2722 of
1022 2653 1100 2706 his
1131 2653 1271 2724 daily
1303 2652 1435 2723 lisa]
1502 2652 1770 2723 Siquidem
1804 2668 1922 2725 post
1955 2673 2098 2707 com-

230 2765 252 2806 5
273 2757 464 2809 pressos
519 2738 893 2791 adolescentiae
946 2739 1177 2792 turbines
1231 2753 1284 2792 et
1336 2739 1599 2792 flammam
1652 2739 1792 2792 illam
1847 2740 2101 2794 beneficio

274 2825 567 2877 maturioris
630 2825 809 2877 aetatis
871 2826 1156 2878 extinctam
1214 2828 1268 2895 (o
1325 2825 1454 2896 quid
1501 2825 1724 2896 loquor!
1819 2825 1958 2879 Cum
2018 2840 2102 2879 tot

273 2909 571 2962 libidinosos
604 2910 788 2979 passim
821 2929 877 2963 ac
911 2910 1093 2963 deliros
1125 2930 1265 2963 senes
1297 2910 1500 2964 videam
1534 2924 1687 2981 turpe
1718 2911 1988 2964 iuvenibus
2019 2911 2101 2965 vel

274 2995 628 3067 spectaculum
655 2995 735 3048 vel
762 2996 1098 3066 exemplum),
1126 2997 1289 3048 immo
1315 2996 1474 3065 igitur
1500 3010 1616 3066 post
1644 2995 1774 3049 illud
1799 2996 2100 3050 incendium
2163 2999 2165 3002 ⁴

275 3081 482 3135 caelesti
531 3100 646 3134 rore
694 3081 996 3152 Christique
1045 3083 1310 3152 refrigerio
1358 3082 1707 3152 consopitum,
1757 3101 1921 3153 prope
1968 3101 2101 3136 unus
2184 3124 2188 3128 -

212 3200 258 3228 10
277 3186 479 3237 semper
512 3166 650 3220 vitae
684 3185 828 3221 meae
862 3182 1013 3219 tenor
1046 3169 1166 3234 fuit,
1202 3182 1255 3220 et
1290 3186 1410 3220 cum
1443 3186 1593 3238 saepe
1625 3167 1737 3221 loca
1770 3168 2102 3235 mutaverim,

281 3254 366 3305 ille
410 3254 598 3305 mansit
642 3253 935 3305 immobilis
1018 3254 1174 3306 Hunc
1217 3272 1370 3306 nemo
1416 3268 1469 3305 te
1513 3254 1692 3306 melius
1739 3273 1881 3307 nosse
1926 3253 2100 3307 debet.
