2242 3600
301 175 696 255 IOHANNI
755 202 1255 256 COLVMNAE
1312 174 1810 257 CARDINALI
1949 223 1976 273 3

134 351 223 384 nas
259 331 437 384 laudes
475 332 595 384 Deo
637 332 944 396 concinunt,
984 345 1195 384 aeterna
1242 333 1554 398 concordia3
1621 333 1694 387 ibi
1740 338 1977 387 rotarum

132 431 188 470 et
233 435 497 470 armorum
542 419 791 488 strepitus
836 437 893 470 ac
938 419 1164 486 gemitus
1210 421 1557 489 captivorum,
1603 419 1688 471 hic
1733 420 1878 489 quies
1925 435 1978 472 et

132 503 402 572 gaudium,
455 518 509 555 et
559 505 848 555 iocantium
900 523 1084 569 voces;
1139 505 1367 575 denique
1416 506 1603 578 ιῌιές-Ὦ
1591 505 1821 573 bellicus,
1873 506 2058 578 huc&

115 589 381 663 pagificus
415 591 774 660 triumphator
806 591 1116 659 ingreditur.
1186 593 1310 644 Vidi
1340 593 1606 662 templum
1642 593 1772 645 urbe
1806 593 1979 646 media

133 675 566 745 pulcherrimum,
622 678 868 746 5132.va
887 679 1258 749 *inexpletum,
1314 673 1461 749 quod
1514 679 1657 731 haud
1711 681 1979 732 immerito

132 780 399 813 summum
438 777 644 815 vocant.
719 764 1004 832 Magorum
1042 765 1116 816 ibi
1155 752 1335 834 regum
1375 785 1609 835 corpora,
1649 766 1713 817 ab
1751 781 1874 818 ortu
1913 767 1978 819 ad

133 867 373 900 occasum
410 849 576 900 tribus
610 849 824 901 saltibus
862 866 1170 917 transvecta,
1207 872 1336 922 quos
1371 853 1673 922 aethereum
1708 853 1978 923 quondam

133 953 308 1003 regem
366 937 431 986 ad
495 937 759 1006 praesepia
815 938 1111 1006 vagientem
1169 957 1289 990 cum
1346 938 1650 990 muneribus
1707 955 1977 991 veneratos
2003 954 2054 992 70

132 1021 369 1089 legimus,
397 1022 797 1074 venerabundus
825 1025 1012 1092 aspexi.
1046 1066 1056 1076 .
1087 1066 1098 1076 .
1128 1066 1139 1076 .
1171 1026 1269 1097 [He
1297 1026 1562 1094 apologises
1582 1025 1674 1094 for
1706 1026 1787 1078 the
1812 1027 1977 1094 length

133 1105 190 1176 os
212 1107 292 1159 his
321 1108 481 1177 letter,
517 1109 603 1160 but
627 1127 742 1177 says
769 1109 880 1162 that
910 1110 990 1162 the
1019 1111 1064 1161 C
1067 1111 1273 1163 ardinal
1298 1111 1401 1163 had
1426 1111 1633 1181 himself
1651 1113 1848 1165 invited
1874 1113 1979 1165 him

134 1206 181 1245 to
206 1195 351 1247 write
363 1194 571 1264 sreely.]

208 1279 457 1333 Procedo.
526 1280 588 1332 A.
611 1281 660 1333 d.
686 1300 743 1333 11.
768 1281 1027 1335 Kalendas
1051 1283 1205 1335 Iulias
1224 1284 1443 1336 Colonia
1463 1284 1682 1349 discessi,
1706 1299 1857 1337 tanto
1873 1287 1979 1338 sole

133 1385 190 1418 ac
217 1366 448 1436 pulvere,
478 1382 538 1418 ut
566 1387 716 1436 saepe
743 1370 757 1391 ‘
779 1368 992 1437 Alpinas
1021 1371 1161 1422 nives
1184 1390 1241 1421 ac
1262 1372 1454 1439 frigora
1475 1371 1646 1423 Rheni
1664 1373 1676 1395 '
1707 1391 1734 1423 a
1759 1372 1979 1441 Virgilio
2001 1389 2047 1428 75

133 1453 468 1522 requirerem.
542 1454 677 1505 Inde
709 1455 1053 1527 Arduennam
1089 1457 1635 1527 sylvamlrscriptorum
1674 1459 1978 1511 testimonio

107 1539 336 1614 'pridem
363 1541 492 1591 mihi
519 1542 785 1609 cognitam
811 1542 900 1593 sed
925 1543 1036 1594 visu
1063 1557 1229 1594 atram
1256 1544 1736 1617 atquejhorrificam
1765 1547 1977 1599 transivi

129 1629 264 1680 solus
299 1630 374 1697 (et
407 1628 552 1698 quod
586 1630 745 1698 magis
780 1614 1066 1697 admireris)
1104 1630 1225 1682 belli
1260 1618 1542 1701 tempore(
1585 1619 1978 1699 Seff'i‘ncautos,

132 1729 194 1767 ut
218 1717 385 1780 aiunt,
412 1716 556 1767 Deus
583 1716 812 1768 adiuvat.
874 1718 947 1768 At
974 1736 1039 1768 ne
1063 1717 1279 1786 longum
1305 1719 1407 1770 iter
1429 1720 1515 1770 vix
1530 1734 1976 1796 Qeractum

132 1803 331 1854 calamo
365 1803 626 1867 remetiar,
662 1803 841 1855 multis
877 1823 972 1872 ego
1008 1805 1303 1873 regionibus
1339 1805 1566 1870 ambitis,
1601 1805 1857 1858 hodierno
1893 1806 1977 1857 die
2001 1808 2052 1847 80

132 1888 456 1957 Lugdunum
490 1890 719 1958 perveni.
790 1891 994 1942 Nobilis
1029 1906 1081 1942 et
1113 1892 1222 1960 ipsa
1255 1892 1614 1944 Romanorum
1647 1893 1850 1944 colonia
1882 1908 1977 1958 est,

131 1975 514 2045 paululumque
557 1977 814 2028 vetustior
858 1977 1164 2047 Agrippina.
1246 1979 1372 2030 Duo
1415 1978 1500 2029 hic
1546 1979 1659 2030 noti
1705 1997 1878 2031 amnes
1923 1981 1978 2032 in

133 2076 372 2114 nostrum
424 2081 566 2114 mare
624 2078 889 2114 currentes
942 2063 1226 2116 Rhodanus
1277 2066 1556 2135 Ararisque
1618 2067 1977 2131 conveniunt3

134 2147 363 2200 Sonnam
393 2149 597 2200 incolae
630 2150 912 2219 appellant.
985 2150 1087 2202 Sed
1122 2151 1187 2202 de
1219 2152 1295 2203 his
1330 2152 1461 2203 nihil
1494 2152 1731 2222 amplius,
1803 2153 1979 2206 Iuncti

133 2235 273 2286 enim
314 2236 379 2286 ad
421 2249 474 2287 te
512 2251 816 2305 properant,
860 2237 990 2288 alter
1029 2239 1256 2306 cogenti,
1300 2238 1430 2290 alter
1468 2253 1652 2290 coacto
1689 2240 1884 2304 similis,
1925 2255 1979 2292 et
2003 2249 2053 2300 85

131 2322 466 2387 Avinionem,
489 2323 580 2374 ubi
614 2338 667 2375 te
700 2342 840 2374 nunc
866 2338 919 2375 et
944 2343 1104 2392 genus
1131 2325 1423 2376 humanum
1450 2325 1714 2377 Romanus
1736 2326 1982 2379 Pontifex

137 2409 360 2474 detinet,
386 2411 656 2479 permixtis
682 2410 824 2462 vadis
852 2411 1092 2463 abluunt.

200 2497 323 2548 Huc
353 2516 449 2565 ego
478 2515 599 2548 cum
631 2516 785 2548 mane
814 2499 1179 2567 pervenissem,
1212 2512 1264 2549 et
1296 2500 1517 2550 intranti
1547 2502 1686 2551 forte
1716 2501 1979 2552 familiaris

132 2583 219 2635 hic
266 2597 386 2635 tuus
433 2585 756 2648 occurrisset,
805 2584 947 2635 mille
995 2604 1115 2636 eum
1162 2572 1587 2655 quaestiunculis,
1636 2602 1697 2638 ut
1744 2606 1853 2638 mos
1902 2602 1978 2639 est

134 2689 348 2740 peregre
385 2670 740 2735 redeuntium,
780 2670 1066 2739 aggredior.
1141 2672 1238 2723 Ille
1275 2686 1452 2724 autem
1491 2673 1622 2724 nihil
1659 2673 1724 2724 ad
1762 2673 1977 2744 reliqua,
2003 2689 2055 2727 90

134 2756 225 2808 sed
253 2757 716 2826 praeclarissimum
745 2759 962 2809 fratrem
995 2772 1171 2823 tuum,
1196 2758 1262 2809 ad
1288 2777 1447 2828 quem
1477 2760 1702 2811 maxime
1730 2779 1977 2829 propera-

135 2843 274 2907 bam,
293 2844 406 2894 sine
425 2861 510 2894 me
537 2842 760 2895 Romam
788 2844 997 2913 petiisse
1023 2845 1268 2896 narravit.
1313 2845 1456 2904 ‚Quo
1484 2846 1667 2897 audito
1694 2847 1980 2916 quaerendi

137 2929 491 3000 veniendique
511 2929 665 2981 ardor
695 2945 913 2999 repente
934 2930 1216 2983 deferbuit.
1284 2931 1387 2983 Hic
1413 2932 1575 3000 igitur
1602 2948 1899 3002 exspectare
1924 2935 1980 2986 in

134 3016 310 3068 animo
338 3030 431 3081 est,
461 3016 627 3068 donec
659 3032 712 3068 et
740 3031 899 3068 aestas
930 3017 1038 3085 ipsa
1070 3017 1352 3083 deferveat,
1381 3037 1540 3088 quam
1571 3019 1842 3089 hucusque
1873 3040 1979 3072 non

132 3121 406 3168 senseram,
444 3117 498 3155 et
534 3121 619 3154 me
653 3104 972 3172 vegetiorem
1009 3104 1154 3173 quies
1190 3105 1364 3169 faciat,
1402 3106 1494 3175 qui
1530 3124 1615 3157 me
1650 3107 1838 3157 fessum
1876 3125 1980 3158 esse
2001 3123 2050 3165 95

134 3189 236 3241 hoc
267 3190 380 3259 ipso
412 3189 643 3259 primum
676 3190 930 3260 loquente
961 3190 1233 3259 perpendi.
1303 3191 1463 3243 Nulla
1489 3191 1705 3261 quidem
1738 3194 1979 3261 fatigatio

136 3276 301 3328 maior
324 3294 484 3346 quam
510 3277 669 3328 animi
694 3291 788 3342 est,
815 3276 959 3346 quod
983 3277 1023 3329 si
1048 3276 1235 3346 reliqui
1259 3277 1466 3329 itineris.
1483 3278 1717 3331 taedium
1741 3279 1978 3345 subierit,

1018 3381 1047 3413 Β
1079 3378 1108 3412 2
