2242 3600
152 668 197 708 15

150 1102 198 1128 20

154 1969 204 2006 30

228 176 323 229 116
678 177 1211 231 FRANCISCO
1264 177 1590 231 PRIORI

222 304 386 356 nostri
430 324 555 358 voce
599 305 914 373 cognoveris,
961 323 1118 374 quem
1162 305 1352 357 salvere
1397 306 1569 371 iubeo,
1617 307 1866 377 cuiusque
1910 326 2050 360 nunc

220 391 427 459 longam
460 391 525 442 ad
555 390 740 443 laboris
772 391 1039 442 historiam
1072 391 1143 442 nil
1175 391 1315 444 aliud
1336 387 1482 457 dico,
1516 393 1610 444 nisi
1642 393 1786 462 quod
1817 395 2051 464 paenitet

222 491 275 528 et
315 477 481 547 pudet
526 491 579 528 et
621 478 826 528 miseret
870 476 1026 528 talem
1066 478 1235 530 virum
1277 498 1302 530 a
1346 496 1429 529 me
1469 492 1522 530 et
1563 479 1706 543 meiS,
1747 480 1911 531 immo
1949 481 2050 532 suis

220 562 427 628 laribus,
460 577 567 614 tam
598 563 809 615 adverso
840 576 1076 632 tempore
1106 563 1368 616 dimisisse.
1435 563 1536 616 Sed
1566 566 1784 634 urgebat
1812 565 2052 618 voluntas

223 649 345 715 eius,
367 650 450 701 cui
478 668 679 719 prorsus
708 648 878 700 obniti
901 651 1038 701 nefas
1060 650 1274 716 credidi,
1302 665 1355 703 et
1378 652 1487 726 [ut]
1508 653 1729 704 minaces
1758 672 1920 718 auraS,
1937 673 2052 722 gra-

221 735 402 787 vidum
442 734 662 799 coelum,
697 733 907 786 turbida
948 734 1142 800 nubila,
1175 736 1450 807 herbisque
1489 752 1541 790 et
1580 738 1792 791 floribus
1828 739 2054 808 gaudere

222 821 358 873 soliti
388 821 546 874 vellus
577 821 745 873 arietis
774 820 1025 873 imbribus
1054 821 1271 874 uvidum
1298 823 1544 890 viderem,
1570 839 1623 877 et
1652 825 1873 878 vicissim
1902 845 2054 879 mon-

221 922 436 959 strarem
460 907 572 959 sibi.
642 907 785 966 Quid
806 907 878 959 vis
908 911 924 959 ?
996 909 1120 960 Non
1152 923 1242 960 aut
1270 909 1589 979 Lycomedes
1618 912 2054 982 Neoptolemum,

224 1009 312 1046 aut
337 995 390 1045 in
415 994 599 1046 fabulis
627 994 973 1045 Phaetontem
997 993 1234 1045 Phoebus
1259 996 1502 1047 maestior
1526 996 1739 1049 dimisit.
1798 996 1900 1049 Sed
1923 997 2054 1068 quid

223 1098 425 1148 agerem
450 1098 570 1131 cum
599 1080 782 1145 amic0,
808 1098 927 1131 cum
952 1099 1046 1131 nec
1077 1080 1266 1131 horum
1295 1080 1425 1133 alter
1456 1101 1576 1135 cum
1613 1098 1805 1153 nepote
1837 1084 2055 1154 aliquid,

224 1186 317 1218 nec
342 1166 470 1218 alter
495 1185 614 1218 cum
639 1165 746 1217 filio
769 1167 1039 1236 potuisset.
1100 1166 1241 1218 Cessi
1263 1167 1439 1236 igitur,
1465 1183 1517 1220 et
1543 1168 1746 1221 dimissa
1769 1171 1927 1222 animi
1951 1171 2055 1222 mei

223 1267 388 1324 parte,
429 1253 607 1305 anxius
645 1252 872 1317 substiti,
915 1251 1079 1303 donec
1118 1252 1304 1304 litteris
1343 1255 1443 1306 suis
1482 1255 1630 1307 illum
1672 1275 1777 1307 non
1816 1257 2054 1325 exiguam

225 1340 461 1408 ancipitis
499 1339 610 1391 viae
647 1352 851 1408 partem
889 1357 1174 1404 emensum,
1213 1339 1518 1410 Padumque
1555 1355 1608 1393 et
1646 1343 1862 1394 comites
1899 1361 2054 1413 supra

223 1425 434 1476 solitum
473 1424 679 1476 tumido
716 1438 843 1476 tunc
879 1443 969 1476 ore
1004 1426 1260 1477 ferventes
1297 1427 1504 1479 evasisse
1541 1427 1734 1492 didici;
1793 1447 1897 1480 non
1934 1443 2056 1481 ante

186 1538 202 1548 ·
227 1526 402 1563 tamen
445 1512 618 1562 animo
660 1511 930 1580 quieturus
977 1529 1135 1581 quam
1177 1531 1297 1564 cum
1342 1514 1440 1564 suis
1484 1528 1574 1565 aut
1622 1515 1722 1566 tuis
1767 1513 1956 1566 litteris
2000 1515 2055 1568 in

226 1598 447 1667 patriam
478 1597 766 1666 pervenisse
797 1597 1043 1649 didicero.
1107 1597 1431 1650 Transmisso
1460 1601 1599 1651 enim
1629 1620 1748 1669 rege
1775 1599 2054 1654 fluminum

225 1698 456 1753 superest
481 1698 629 1753 pater
653 1684 915 1736 montium
940 1684 1263 1753 ApenninuS,
1291 1686 1435 1738 cuius
1457 1686 1591 1737 sibi
1578 1706 1696 1755 luga
1719 1687 2056 1740 substraverit

227 1790 318 1822 oro
340 1770 496 1822 Illum
517 1771 609 1840 qui
628 1769 803 1821 solus‘
818 1770 1024 1839 respicit
1047 1784 1237 1822 terram
1258 1785 1310 1822 et
1335 1772 1460 1823 facit
1487 1790 1598 1823 eam
1626 1786 1863 1837 tremere,
1888 1773 2058 1842 tangit

228 1870 429 1909 montes
456 1870 508 1908 et
534 1857 844 1925 fumigant'.

296 1944 474 1995 Restat
509 1957 568 1995 ut
602 1945 764 1994 fatear
798 1957 851 1995 te
883 1963 978 2012 pro
1011 1944 1087 1995 his
1121 1945 1403 1996 novissimis
1438 1945 1617 1997 diebus
1650 1946 1761 1997 iure
1791 1945 2057 1998 silentium

229 2049 404 2083 meum
444 2031 609 2100 queri,
650 2031 885 2100 quamvis
925 2031 989 2082 ad
1028 2031 1160 2083 hanc
1199 2033 1362 2101 ipsam
1402 2032 1780 2102 querimoniam
1819 2033 1955 2098 satiS,
1997 2046 2058 2084 ut

229 2117 467 2181 arbitror,
516 2115 730 2185 epistola
775 2117 1037 2185 superiore
1083 2135 1382 2187 responsum
1428 2118 1510 2170 sit.
1593 2118 1750 2177 Quod
1795 2119 1835 2169 si
1882 2132 2058 2170 totum

230 2203 486 2255 amicitiae
513 2216 715 2253 nostrae
743 2215 947 2272 tempus
976 2202 1041 2254 ad
1061 2202 1317 2256 calculum
1346 2191 1520 2268 trahis,
1543 2217 1633 2255 aut
1655 2222 1750 2271 ego
1777 2203 1943 2268 fallor,
1967 2218 2058 2256 aut

231 2304 291 2341 tu
324 2289 452 2339 mihi
485 2306 702 2340 numero
736 2288 1030 2340 litterarum
1069 2288 1238 2340 adhuc
1277 2289 1485 2341 debitor
1522 2308 1710 2341 manes.
1788 2288 2059 2359 Siquidem

100 2414 104 2418 -
162 2402 209 2446 35
231 2376 368 2429 inter
403 2373 635 2449 pugellas
678 2392 830 2438 meaS,
875 2393 998 2444 quas
1042 2374 1280 2446 epistolas
1321 2375 1536 2454 quidam
1579 2388 1785 2450 Χρεεηῒ,
1821 2393 2060 2471 'quasque

233 2480 372 2513 nunc
421 2461 644 2511 maxime
692 2459 959 2512 cuiusdam
1009 2461 1259 2529 ingeniosi
1309 2461 1532 2512 hominis
1582 2474 1634 2512 et
1684 2461 1835 2511 amici
1886 2460 2061 2530 digitis

233 2567 495 2629 coacervo,
528 2546 715 2598 nullius
746 2549 910 2598 ferme
939 2566 1096 2616 quam
1128 2561 1281 2599 tuum
1312 2547 1538 2599 crebrius
1569 2566 1760 2599 nomen
1790 2548 1907 2613 erit,
1919 2547 2060 2600 licet

233 2612 315 2688 vel
341 2649 431 2686 tua
456 2634 537 2687 vel
562 2652 675 2685 mea
700 2634 781 2686 vel
807 2627 1092 2686 amborum
1105 2653 1208 2685 sors
1232 2634 1423 2686 simul
1409 2648 1759 2704 intemperans
1786 2647 1838 2685 et
1863 2635 2059 2704 inepta,

236 2739 330 2772 nec
387 2720 465 2772 sui
523 2734 678 2789 potus
738 2734 986 2790 appetens
1045 2720 1394 2790 quorumdam
1452 2719 1875 2773 scholasticorum
1933 2722 2060 2787 sitis,

165 2827 216 2862 40
237 2806 439 2872 multas,
473 2820 532 2858 ut
562 2806 733 2871 audio,
765 2820 876 2858 tuas
906 2807 1007 2858 huc
1036 2821 1089 2858 et
1120 2825 1254 2858 meas
1283 2806 1405 2858 illuc
1434 2820 1770 2875 properantes
1798 2809 2059 2861 averterit.

237 2893 368 2945 Vive
393 2907 445 2945 et
471 2892 598 2946 vale.

309 2978 619 3042 Mediolani,
650 2996 728 3031 111.
759 2978 884 3030 Idus
910 2979 1101 3050 Aprilis
1134 2980 1324 3053 [1359],
1353 2997 1589 3048 propere.
