2242 3600
262 166 353 221 152
735 149 1018 202 PETRo
1074 150 1623 203 BONONIENSI

260 276 489 347 tegebat,
514 291 567 330 et
591 277 823 329 subiecta
857 276 1015 328 oculis
1053 276 1192 329 urbis
1217 275 1606 330 florentissimae
1630 297 1901 332 numerosa
1933 279 2088 332 simul

182 379 229 422 95
256 383 312 416 ac
348 363 488 416 culta
515 362 804 415 fecunditas
836 362 954 415 festi
983 362 1238 422 laetitiam
1273 363 1588 432 geminabat,
1615 378 1676 416 ut
1713 364 1841 416 nihil
1878 366 2086 435 penitus
2135 411 2138 414 ,

256 449 396 521 plebi
441 463 569 502 esset
615 462 760 501 tanta
803 423 1133 502 iucunditate
1175 449 1253 502 sui
1295 449 1454 519 ipsius
1499 464 1708 520 aspectu
1755 464 1808 503 et
1850 466 2086 504 contem-

255 536 487 607 platione
536 534 827 588 iucundius,
919 535 1043 588 Erat
1095 535 1160 587 ad
1202 534 1468 588 dexteram
1509 536 1732 605 ingentis
1782 537 1837 589 in
1888 556 2087 590 morem

254 623 448 692 pulpiti
481 635 788 674 contextum
823 621 1055 674 trabibus
1087 621 1347 688 solarium,
1381 622 1449 675 ob
1482 621 1709 692 idipsum
1743 622 2089 676 tumultuario

255 728 411 780 opere
459 721 709 773 erectum,
758 707 850 760 ubi
897 727 959 759 ex
1006 708 1149 759 omni
1195 707 1322 760 flore
1367 708 1656 787 ίῐᾎυξηίἡῌῑειῖὶε»
1702 709 2087 762 honestissimae

161 816 230 844 100
255 795 448 847 electae
485 794 896 864 quadringentae
934 808 1201 847 matronae
1237 795 1474 864 insignes,
1501 795 1670 866 specie
1705 809 1864 866 atque
1898 810 2087 850 ornatu

253 880 557 951 spectabiles
589 880 935 933 meridianum
966 895 1019 933 et
1050 881 1365 951 quotidianis
1397 901 1609 952 quoque
1637 883 1883 935 conviviis
1914 896 2086 936 matu—

257 970 429 1021 tinum
465 986 521 1019 ac
555 967 843 1020 serotinum
878 981 1247 1020 ornamentum
1281 987 1516 1020 consessu
1550 968 1750 1020 sidereo
1783 969 2085 1039 praebuere.

256 1057 591 1108 Intervenere
623 1067 905 1124 praeterea,
940 1054 1085 1125 quod
1119 1054 1295 1106 deberi
1327 1054 1533 1107 silentio
1568 1055 1673 1124 tegi
1707 1069 1879 1126 negat,
1912 1056 1968 1108 in
2000 1056 2088 1109 has

260 1154 416 1192 terras
454 1160 572 1193 casu
618 1160 785 1211 nuper
831 1140 1035 1193 advecti
1081 1161 1109 1193 e
1155 1141 1453 1193 Britanniae
1503 1141 1736 1211 partibus
1768 1141 2089 1219 AEobifissiffl

162 1244 231 1286 105
257 1227 471 1297 quidam
495 1227 609 1293 viri,
633 1227 954 1297 comitesque
978 1240 1031 1279 et
1054 1228 1421 1297 consanguinei
1445 1228 1594 1298 Regis
1618 1228 1713 1294 sui,
1738 1247 1866 1299 quos
1891 1228 2089 1281 recenti

255 1314 472 1389 yictoria
508 1313 800 1387 exultantes
838 1313 1187 1383 peregrinatio
1224 1314 1326 1366 huc
1365 1314 1703 1366 transmarina
1740 1328 2087 1381 contraxerat,

255 1402 452 1472 quique
483 1420 588 1453 sese
619 1401 832 1453 interim
864 1400 1029 1454 labori
1069 1420 1325 1471 aequoreo
1359 1401 1690 1471 vegetabant.
1759 1402 1918 1455 Hunc
1951 1401 2086 1455 mul-

255 1503 431 1541 torum
464 1488 666 1539 dierum
697 1488 947 1558 equestris
977 1487 1063 1539 illa
1095 1487 1328 1540 decursio
1360 1488 1517 1540 finem
1548 1488 1734 1541 habuit
1764 1489 1908 1541 cuius
1938 1507 2086 1559 prae-

253 1576 419 1627 mium
455 1574 590 1627 solus
627 1574 792 1627 honos
828 1574 931 1626 fuit
971 1615 983 1626 .
1025 1615 1037 1626 .
1079 1615 1091 1627 .
1165 1573 1269 1644 [He
1305 1574 1543 1627 describes
1570 1575 1648 1626 the
1673 1575 1849 1645 prizes
1882 1574 1984 1627 and
2009 1575 2090 1628 the

158 1682 233 1710 110
253 1660 476 1732 victors.]
1482 1720 1485 1722 v

322 1749 425 1800 Hic
456 1747 611 1813 ludis,
645 1746 735 1799 sed
770 1766 876 1799 non
908 1746 1105 1816 gaudiis
1141 1748 1502 1818 prosperisque
1550 1747 1879 1813 successibus,
1914 1748 1999 1800 hic
2034 1761 2088 1801 et

253 1833 500 1904 epistolae
528 1834 641 1885 finis
669 1833 754 1898 sit,
783 1852 886 1904 qua
914 1832 970 1884 id
999 1834 1156 1899 nitor,
1186 1847 1247 1886 ut
1275 1833 1420 1903 quod
1448 1833 1658 1886 morbus
1687 1834 1898 1904 eripuit,
1927 1833 2087 1887 oculis

253 1921 354 1973 tuis
381 1919 694 1990 auribusque
719 1920 1008 1985 restituam,
1035 1934 1089 1972 et
1114 1933 1175 1972 ut
1201 1921 1337 1972 noris
1363 1940 1425 1972 ex
1449 1920 1648 1986 ordine,
1675 1920 1804 1991 quid
1829 1920 1970 1991 apud
1995 1939 2086 1973 nos

251 2007 467 2075 geritur,
504 2020 672 2075 utque
705 2004 959 2074 intelligas
994 1995 1133 2058 inter
1168 2006 1453 2059 maritimos
1490 2007 1649 2059 etiam
1683 2007 1816 2059 viros
1852 2019 2089 2059 constare

162 2091 497 2164 usffnilitiam
522 2104 576 2143 et
601 2091 1042 2160 magnificentiam
1068 2105 1121 2145 et
1145 2091 1365 2145 excelsos
1391 2092 1586 2145 animos
1612 2104 2088 2162 contemptumque

255 2177 365 2230 auri
381 2176 572 2247 gloriae
590 2177 904 2247 appetitum.
942 2178 1085 2231 Vale.
1123 2179 1371 2246 Venetiis,
1393 2199 1496 2234 1111.
1517 2178 1639 2231 Idus
1654 2175 2084 2247 Augusti[1364].

686 2401 853 2460 Petro
882 2402 1244 2461 Bononiensi.
1328 2403 1452 2462 Sen.
1486 2403 1563 2462 iv.
1593 2420 1650 2482 4.

383 2525 565 2579 ENIT
604 2526 669 2577 ad
708 2545 791 2578 me
822 2497 1110 2578 videndum
1117 2488 1352 2579 socrus
1356 2541 1462 2592 tua,
1495 2524 1797 2578 venerabilis
1829 2537 2083 2590 matrona,

384 2611 468 2663 cui
498 2612 538 2663 si
565 2611 637 2663 nil
664 2611 804 2664 aliud
829 2612 1214 2682 suffragaretur,
1243 2631 1400 2682 quam
1432 2610 1576 2682 quod
1607 2610 1766 2662 filiam
1795 2624 1848 2663 te
1874 2609 2084 2679 dignam

255 2697 454 2793 genuit,
475 2697 681 2749 abunde
707 2711 834 2763 erat,
854 2711 915 2750 ut
941 2717 1047 2749 non
1070 2697 1237 2750 solum
1265 2696 1592 2750 admittenda
1615 2696 1704 2748 sed
1725 2694 2086 2766 amplectenda

255 2783 431 2836 animo
454 2797 508 2836 et
533 2783 748 2835 colenda
767 2797 913 2850 esset,
934 2804 991 2836 ac
1013 2784 1177 2854 dignis
1202 2783 1483 2836 honoribus
1508 2781 1882 2853 prosequenda.
1942 2780 2086 2841 Quid

210 2906 233 2947 5
258 2883 312 2922 te
351 2869 555 2940 longius
604 2869 806 2921 traham
835 2874 852 2921 ?
947 2870 1186 2934 Famulos
1244 2889 1382 2922 meos
1426 2889 1515 2922 seu
1562 2869 1869 2921 domesticos
1914 2867 2085 2920 hostes

257 2955 412 3023 nosti,
440 2974 758 3026 quamquam
786 2956 915 3026 quid
944 2943 1083 3009 meos
1113 2956 1488 3021 infamaverim,
1516 2955 1607 3026 qui
1633 2954 1823 3025 optimi
1849 2953 2085 3006 omnium

258 3042 360 3094 dici
384 3042 588 3108 volunt,
615 3056 668 3094 et
692 3044 905 3094 fortasse
930 3043 1246 3095 famulorum
1271 3042 1478 3113 optimi,
1503 3041 1594 3094 sed
1617 3042 1856 3111 profecto
1879 3038 2086 3110 pessimi

256 3129 532 3181 hominum
563 3142 716 3193 sunt3
769 3129 843 3180 ita
875 3143 935 3181 ut
968 3148 1088 3181 cum
1121 3129 1335 3199 quidam
1368 3128 1497 3180 mihi
1528 3127 1638 3179 illos
1670 3126 1956 3191 invideant,
1989 3143 2085 3194 ego
2167 3168 2170 3172 .

259 3234 339 3267 eos
380 3215 524 3286 quasi
562 3215 871 3268 intestinum
912 3214 1107 3267 malum
1147 3229 1200 3268 et
1239 3214 1514 3269 visceribus
1554 3214 1782 3267 infusum
1822 3211 1958 3266 virus
1997 3230 2084 3264 ex·
2123 3213 2127 3216 ’

2142 1564 2158 1590 Κ
