2242 3600
272 175 308 228 6
754 176 1086 230 IACOBO
1142 178 1641 233 COLVMNAE

275 303 444 372 attigi,
495 319 555 364 ut
602 305 914 374 intelligeres
963 325 1068 358 non
1117 308 1262 376 parvi
1310 308 1538 378 pendere
1585 328 1670 361 me
1717 311 1922 379 reginae
1969 310 2111 363 urbis

275 391 669 458 aspectum‚*de
708 411 811 463 qua
850 392 1056 464 infinita
1094 393 1382 464 perlegiet
1421 395 1530 464 ipse
1569 395 1736 447 multa
1774 396 1876 448 iam
1916 395 2110 466 scripsi,

202 492 250 541 65
275 475 425 543 plura
469 468 950 545 forte-scripturn&
996 477 1091 529 nisi
1135 478 1419 547 primordia
1462 499 1577 532 mea
1619 474 2124 550 praecipitaff'di'es‘

273 547 458 613 Hd'it'is
499 551 798 631 abrumpat.
880 557 1042 631 Finge
1085 582 1169 615 me
1211 565 1287 616 his
1332 584 1662 635 nequaquam
1709 567 1887 635 tangi3
1952 586 2110 637 quam

278 646 429 699 dulce
463 660 638 699 tamen
672 662 746 699 est
779 648 1078 700 Christiano
1111 650 1285 701 animo
1317 651 1499 702 urbem
1534 671 1758 717 cernere,
1793 653 1921 704 coeli
1951 653 2114 705 instar

276 734 331 784 in
356 734 520 798 terris,
545 734 873 785 sacrosanctis
897 748 1187 803 martyrum
1213 736 1378 787 nervis
1404 750 1563 806 atque
1586 737 1779 788 ossibus
1802 751 2110 801 consertam,

277 834 329 870 et
376 820 483 871 veri
533 819 744 870 testium
794 820 1018 888 pretiosa
1065 820 1220 872 caede
1267 840 1564 891 respersam,
1612 822 1787 875 videre
1833 823 2112 875 verendam

207 930 254 968 70
277 905 481 974 populis
526 904 799 956 Salvatoris
845 905 1125 973 imaginem
1171 920 1224 958 et
1269 907 1323 958 in
1368 927 1487 959 saxo
1528 908 1800 960 durissimo
1842 922 2112 961 aeternum

275 991 518 1059 gentibus
565 990 829 1041 adorando
874 991 1133 1059 vestigia?
1216 993 1319 1044 Vbi
1365 993 1430 1044 ad
1473 994 1704 1046 litteram
1760 995 1876 1047 luce
1932 995 2115 1047 clarius

275 1077 554 1146 impletum
591 1077 822 1143 cernitur
854 1076 986 1128 illud
1020 1078 1214 1130 Isaiae:
1271 1080 1285 1102 ‘
1309 1080 1377 1130 Et
1411 1081 1623 1132 venient
1659 1080 1723 1132 ad
1758 1094 1811 1132 te
1845 1081 1989 1133 curvi
2023 1080 2116 1132 filii

277 1182 456 1214 eorum
504 1164 594 1232 qui
641 1163 1051 1214 humiliaverunt
1099 1178 1168 1228 te,
1217 1178 1270 1216 et
1317 1164 1611 1218 adorabunt
1657 1167 1872 1235 vestigia
1917 1166 2114 1236 pedum

276 1263 491 1301 tuorum
533 1268 709 1300 omnes
751 1250 842 1318 qui
884 1248 1232 1302 detrahebant
1274 1251 1407 1302 tibi.'
1484 1252 1776 1304 Circumire
1814 1266 2114 1307 sanctorum

207 1355 252 1395 75
278 1337 526 1399 tumulos,
565 1336 736 1403 vagari
775 1354 867 1403 per
904 1335 1279 1404 Apostolorum
1320 1337 1465 1401 atria,
1505 1338 1803 1390 melioribus
1841 1338 1944 1390 iam
1983 1337 2134 1391 curis-

278 1421 652 1474 comitantibus
683 1435 735 1472 et
762 1421 1000 1490 inquieta
1031 1421 1383 1474 sollicitudine
1410 1423 1548 1475 vitae
1574 1425 1854 1493 praesentis
1882 1425 1937 1476 in
1962 1424 2118 1478 litore

278 1507 541 1559 Massiliae
569 1507 841 1559 destituta.

347 1595 495 1654 Quae
528 1612 647 1645 cum
683 1595 756 1645 ita
788 1593 910 1658 sint,
944 1593 1074 1663 quid
1106 1612 1191 1645 me
1223 1613 1431 1662 segnem
1463 1614 1630 1659 vocas,
1665 1614 1784 1647 cum
1817 1595 1940 1648 scias
1972 1594 2118 1666 quod

278 1681 378 1731 iter
418 1699 595 1731 meum
639 1700 699 1731 ex
741 1679 908 1731 alieno
950 1680 1147 1749 pendet
1189 1680 1450 1732 arbitrio?
1529 1682 1639 1750 Ego
1680 1700 1765 1733 me
1802 1681 1974 1751 ipsum
2017 1681 2118 1734 tibi

208 1766 543 1832 80dederam,
587 1785 805 1835 parvum
850 1766 1083 1836 quidem,
1128 1766 1216 1818 sed
1258 1780 1574 1836 perpetuum
1618 1786 1823 1819 munus.
1901 1767 1989 1820 Tu
2031 1787 2117 1820 me

281 1853 428 1904 alteri
454 1872 633 1922 parere
655 1851 886 1915 voluisti,
908 1852 947 1903 si
973 1852 1102 1903 alter
1125 1852 1336 1921 proprie
1361 1852 1553 1904 dicitur
1581 1853 1692 1905 talis
1718 1867 1771 1905 et
1796 1867 1903 1905 tam
1932 1853 2116 1905 unani-

280 1940 375 1991 mis
404 1958 693 2007 germanus.
759 1938 907 1989 Nihil
935 1938 1019 1989 hic
1049 1938 1177 1989 mihi
1207 1939 1438 1990 conscius
1466 1959 1616 2003 sum;
1665 1939 1705 1990 si
1734 1938 1885 2009 culpa
1915 1953 2008 2004 est,
2037 1939 2120 1992 vel

281 2025 380 2076 tibi
406 2044 559 2093 parce
583 2024 665 2076 vel
689 2023 856 2075 fratri.

349 2112 412 2162 In
465 2124 695 2161 extrema
744 2110 1039 2161 litterarum
1084 2124 1233 2179 parte
1274 2111 1467 2162 veritus
1509 2113 1647 2162 forte
1689 2130 1754 2162 ne
1793 2109 2118 2180 lepidissimis

209 2212 257 2261 85
282 2198 403 2248 iocis
447 2197 547 2248 tuis
589 2195 881 2247 offenderet
924 2196 1073 2263 (solet
1116 2196 1254 2247 enim
1295 2196 1454 2248 leonis
1496 2185 2119 2266 quantumlibet-blanda

284 2285 633 2336 contrectatio
661 2282 945 2334 animantia
967 2302 1123 2351 parva
1150 2283 1479 2352 perterrere),
1501 2283 1842 2335 suaveolentis
1861 2283 2119 2352 unguenti
2145 2300 2147 2302 ·

284 2370 586 2421 drachmam
626 2368 855 2434 adhibes,
898 2368 988 2419 ubi
1034 2368 1310 2437 pupugisse
1354 2367 1614 2432 videbare,
1655 2368 1781 2420 dum
1827 2387 1912 2421 me
1956 2369 2021 2421 ad
2067 2383 2121 2422 te

285 2456 586 2519 amandum,
626 2456 788 2506 immo
827 2474 949 2506 vero
989 2454 1053 2506 ad
1093 2454 1190 2506 tibi
1230 2454 1516 2506 reddendas
1555 2455 1740 2506 amoris
1778 2454 1931 2520 vices,
1969 2475 2117 2525 prae-

286 2543 509 2595 dulciter
551 2541 850 2593 cohortaris.
929 2540 1073 2600 Quid
1115 2540 1329 2593 dicam?
1408 2540 1586 2592 Multa
1626 2540 1771 2611 loqui
1812 2560 1918 2593 non
1958 2543 2118 2611 magis

212 2652 262 2690 90
286 2630 464 2682 dolore
504 2648 660 2699 quam
701 2628 890 2696 gaudio
930 2627 1313 2697 praepedimur.
1388 2628 1505 2679 Hoc
1545 2646 1726 2690 unum,
1768 2645 1853 2679 me
1893 2641 2118 2694 tacente,

284 2736 389 2768 non
422 2716 622 2784 ignoras
648 2735 658 2767 :
710 2733 872 2783 usque
905 2714 1033 2765 adeo
1064 2734 1238 2766 saxeus
1273 2733 1378 2765 non
1413 2732 1525 2765 sum
1556 2727 1616 2765 ut
1645 2712 1710 2764 ad
1740 2727 1848 2765 tam
1878 2712 2117 2767 debitum

285 2813 514 2854 amorem
572 2801 636 2852 sit
692 2800 821 2851 mihi
878 2800 1183 2852 necessarius
1240 2800 1514 2864 hortator3
1591 2813 1750 2869 atque
1805 2798 2009 2851 utinam
2063 2800 2119 2852 in

285 2888 508 2940 amando
528 2906 632 2938 non
652 2886 809 2954 magis
829 2888 976 2937 freno
996 2906 1153 2956 quam
1174 2885 1451 2938 calcaribus
1471 2904 1673 2954 egerem
1697 2887 1708 2938 !
1762 2885 2121 2956 Tranquillior

285 2975 498 3026 iuventa
541 2986 879 3042 sequeretur3
944 2972 1043 3023 hoc
1086 2972 1267 3023 saltem
1311 2991 1420 3036 or0‚
1465 2990 1530 3022 ne
1571 2971 1773 3023 finxisse
1815 2989 1900 3023 me
1941 2971 2118 3041 fingas,

213 3077 263 3120 95
285 3059 428 3111 Vale.
492 3058 751 3110 Avinione
777 3077 870 3110 XII.
904 3058 1161 3111 Kalendas
1190 3058 1417 3111 Ianuarii
1443 3057 1638 3128 [1336]ο
