2242 3600
202 195 332 248 *²04
979 178 1304 231 IANINO

231 324 389 376 quam
425 307 533 377 ipse
567 306 777 376 publice
812 306 1160 376 praedicabat,
1199 326 1287 358 rex
1324 325 1443 359 eum
1479 305 1655 360 videre
1689 305 1891 369 voluit3
1950 319 2060 358 erat

231 392 372 444 enim
405 393 623 445 monstri
654 392 816 445 instar
847 392 943 444 viri
975 392 1126 445 facies
1160 394 1437 463 fervorque
1467 391 1554 444 illa
1584 390 1752 460 gelida
1783 391 1839 443 in
1871 403 2058 444 aetate.

159 492 208 534 45
233 476 633 548 Contemplatus
695 478 1016 548 aliquamdiu
1076 478 1284 531 vultum
1343 477 1566 529 hominis
1627 495 1802 528 aereae
1858 489 2062 528 statuae

231 563 570 628 simillimum,
611 563 927 635 audiensque
965 564 1094 634 quid
1129 577 1352 634 peteret,
1391 564 1405 588 ‘
1427 563 1469 616 si
1503 563 1576 615 vis
1599 562 1613 586 '
1651 562 1826 632 inquit
1863 562 1879 587 ‘
1901 579 2061 632 quem

233 651 432 720 quaeris
453 651 508 701 in
529 650 681 702 Italia
708 651 948 721 reperire,
971 651 1189 715 festina3
1230 650 1462 720 alioquin
1490 647 1813 719 quaerendus
1835 647 1934 701 tibi
1962 647 2062 701 erit
2139 640 2150 650 ⁴

231 735 288 787 in
330 734 535 799 Gallia3
599 736 670 787 sic
713 735 778 788 ab
823 755 884 788 eo
927 755 1094 806 nuper
1136 736 1258 788 hinc
1303 734 1628 804 digrediente
1670 733 2004 803 cognovimus
2026 732 2062 786 '.

233 821 247 845 ‘
270 822 380 889 Ego
415 840 538 873 vero
559 821 572 845 ’
609 822 784 892 inquit
819 822 1103 874 homuncio
1139 822 1152 846 ‘
1176 821 1272 873 nisi
1307 840 1391 873 me
1424 821 1533 874 vita
1568 820 1837 885 destituat,
1871 819 2062 889 ipsum,

160 932 210 974 50
231 907 271 959 si
304 920 561 976 oporteat,
596 907 738 977 apud
770 907 927 960 Indos
961 908 1240 978 quaeram.'
1309 907 1534 960 Miratus
1568 926 1656 958 rex
1697 919 1750 958 et
1795 905 2063 958 miseratus

231 993 328 1045 sibi
354 993 603 1045 viaticum
632 993 741 1045 dari
766 994 912 1046 iussit
934 1015 948 1059 3
995 993 1118 1046 inde
1143 1011 1348 1046 summo
1375 1011 1496 1045 cum
1520 993 1698 1062 labore
1721 1010 1811 1044 sua
1835 990 2064 1060 relegens

233 1079 463 1148 vestigia,
493 1079 851 1150 nequidquam
880 1081 1077 1132 Romae
1103 1081 1243 1150 prius
1272 1099 1357 1132 me
1384 1079 1636 1149 quaesitO,
1663 1076 2064 1130 Pontremulum
2090 1127 2098 1131 -

234 1166 405 1218 rediit.
460 1165 543 1218 Ibi
561 1166 771 1220 audiens
790 1167 935 1237 quod
952 1167 1121 1220 adhuc
1138 1168 1350 1220 Parmae
1368 1186 1542 1232 essem,
1561 1167 1732 1219 hieme
1749 1167 1908 1219 etiam
1925 1184 2064 1219 nunc

215 1253 459 1326 adversa,
483 1253 721 1306 nivosum
743 1255 927 1307 transit
954 1254 1311 1324 Apenninum,
1335 1269 1387 1307 et
1414 1254 1697 1324 praemissis
1725 1253 1790 1305 ad
1811 1251 2064 1320 me-haud

161 1354 210 1397 55
233 1339 421 1409 ineptis
440 1338 640 1409 aliquot
657 1339 931 1406 versiculis,
947 1341 1055 1410 ipse
1072 1359 1193 1393 mox
1210 1341 1360 1393 affuit
1376 1382 1387 1393 .
1405 1382 1416 1393 .
1435 1382 1446 1394 .
1461 1342 1544 1414 [Ρ.
1563 1353 1807 1410 compares
1822 1340 1926 1394 him
1941 1338 2064 1394 with

234 1426 290 1480 H
291 1426 539 1499 annibal]
593 1426 662 1477 Et
685 1427 924 1495 quotiens
943 1441 1094 1496 putas
1115 1427 1225 1495 (sed
1246 1427 1375 1497 quid
1389 1427 1608 1497 loquor?
1651 1428 1890 1479 Praesens
1913 1424 2065 1478 rebus

235 1511 520 1578 intereras),
541 1513 781 1581 quotiens
804 1513 896 1564 filii
921 1527 974 1565 et
997 1513 1234 1583 discipuli
1255 1514 1479 1579 alteriuS,
1503 1533 1609 1584 quo
1629 1532 1725 1583 pro
1745 1512 1853 1564 filio
1874 1525 1927 1565 et
1947 1511 2064 1582 qui-

236 1596 331 1650 bus
375 1597 628 1650 ambobus
663 1617 759 1668 pro
790 1598 1033 1674 yehiculo
1068 1599 1335 1664 utebatur,
1369 1599 1606 1651 manibus
1640 1598 1852 1650 sublatis
1888 1615 2066 1650 meum

235 1697 394 1753 caput
416 1684 671 1736 osculatus
692 1699 784 1749 est,
810 1672 916 1754 quo
932 1685 1018 1737 illa
1034 1686 1353 1755 cogitassem,
1372 1686 1612 1756 quotiens
1629 1685 1763 1736 hanc
1781 1683 2066 1748 dexteram,

163 1784 214 1823 60
236 1787 339 1839 qua
364 1768 451 1820 illa
479 1769 805 1839 scripsissem,
836 1771 1024 1840 quibus
1054 1790 1106 1823 se
1136 1771 1331 1824 diceret
1360 1770 1810 1824 vehementissime
1840 1768 2064 1823 delecta-

236 1860 384 1908 tum?
422 1856 491 1907 Et
509 1874 667 1925 quam
684 1876 848 1926 pauca
866 1871 993 1909 tunc
1013 1859 1330 1928 scripseram,
1350 1877 1471 1910 cum
1487 1857 1569 1910 vel
1584 1856 1740 1909 hodie
1758 1875 1925 1927 pauca
1942 1857 2065 1921 sint,

236 1955 457 1993 transeo,
524 1941 707 2011 Longa
737 1957 813 1995 est
843 1943 1072 1996 historia.
1141 1943 1355 2014 Semper
1385 1943 1451 1995 ad
1476 1944 1615 1995 hunc
1643 1942 1861 1994 modum
1888 1941 2066 1995 triduo

236 2046 443 2079 mecum
473 2028 575 2080 fuit
607 2042 659 2080 et
689 2042 859 2080 totam
888 2030 1155 2082 civitatem
1186 2030 1435 2082 miraculo
1462 2030 1540 2081 sui
1568 2028 1824 2099 implevit,
1854 2027 2067 2098 cognito

164 2177 166 2179 ,
237 2114 349 2183 quis
392 2128 519 2166 esset
561 2128 614 2166 et
655 2115 784 2184 quid
825 2131 1014 2184 ageret.
1093 2117 1233 2168 Illud
1273 2136 1380 2168 non
1417 2115 1595 2180 sileb0,
1637 2114 1782 2185 quod
1821 2132 1942 2167 cum
1983 2114 2068 2168 die

166 2211 213 2261 65
237 2199 465 2270 quodam
491 2201 547 2252 in
574 2220 778 2253 excessu
805 2203 991 2254 mentis
1021 2202 1188 2254 multa
1215 2203 1427 2267 diceret,
1455 2202 1593 2254 inter
1619 2215 1790 2253 cetera
1813 2221 1824 2253 :
1873 2201 1888 2225 ‘
1909 2200 2030 2253 vide
2049 2199 2065 2226 '

237 2286 308 2337 ait
332 2285 346 2309 ‘
370 2305 434 2337 ne
458 2286 630 2338 taedio
654 2286 751 2338 tibi
773 2287 886 2352 sim,
909 2288 949 2340 si
976 2288 1213 2358 cupidius
1242 2302 1296 2340 te
1321 2290 1482 2352 fruor,
1507 2286 1572 2338 ad
1598 2304 1755 2356 quem
1776 2284 2066 2366 gdendum

238 2387 388 2424 tanto
414 2392 534 2424 cum
558 2373 736 2425 labore
767 2375 1065 2443 peregrinus
1094 2375 1347 2427 advenio.’
1408 2373 1494 2424 Ad
1525 2372 1669 2443 quod
1693 2371 1913 2424 verbum
1943 2390 2066 2424 cum
2103 2425 2125 2428 ,,

236 2458 394 2534 risum
429 2459 713 2511 astantibus
749 2461 1033 2525 excitasset,
1070 2475 1122 2513 et
1156 2461 1315 2513 risum
1349 2474 1401 2511 et
1435 2458 1639 2511 ridendi
1673 2477 1876 2511 causam
1907 2458 2063 2510 intel-

232 2543 378 2608 lexit,
418 2545 795 2615 excitatiorque
828 2545 1098 2598 subiunxit
1133 2547 1190 2597 in
1226 2564 1310 2597 me
1345 2564 1550 2598 versus:
1610 2545 1623 2568 ⁶
1646 2543 1727 2595 Te
1764 2562 1871 2596 non
1906 2542 2064 2595 alium

166 2647 214 2687 70
238 2643 424 2680 testem
464 2630 597 2694 vo10‚
634 2631 778 2701 quod
816 2651 911 2700 ego
950 2631 1245 2684 exoculatus
1286 2630 1465 2683 melius
1499 2632 1794 2700 certiusque
1827 2643 1881 2682 te
1911 2628 2065 2682 video

237 2730 395 2781 quam
418 2713 691 2782 quisquam
713 2714 903 2766 horum
929 2714 1101 2767 oculos
1129 2714 1472 2766 habentium.’
1532 2713 1652 2771 Quo
1680 2712 1823 2764 dicto
1849 2724 2064 2764 cunctos

236 2800 291 2850 in
315 2798 580 2851 silentium
606 2819 662 2851 ac
687 2813 956 2870 stuporem
980 2801 1157 2853 vertit.
1218 2799 1335 2852 Plus
1362 2818 1468 2851 non
1494 2799 1610 2850 dico
1636 2799 1730 2850 nisi
1755 2797 1899 2868 quod
1923 2796 2064 2850 urbis

235 2884 368 2936 illius
394 2885 651 2949 dominus,
677 2887 778 2936 mei
803 2887 1196 2951 amantissimus,
1221 2905 1327 2955 quo
1350 2886 1518 2936 nescio
1542 2904 1607 2936 an
1627 2903 1717 2936 sua
1739 2897 1909 2935 aetate
1931 2882 2064 2935 ullus

235 2971 291 3023 in
314 2971 458 3024 terris
475 2959 735 3023 liberalior
751 2973 953 3037 vixerit,
977 2972 1114 3023 caeci
1134 2990 1370 3023 sermone
1391 2985 1550 3040 atque
1567 2971 1740 3022 animo
1759 2969 2062 3034 delectatuS,

166 3075 212 3119 75
237 3057 518 3110 abeuntem
554 3057 724 3110 multo
757 3058 955 3110 honore
989 3077 1045 3110 ac
1081 3057 1464 3127 magnificentia
1498 3070 1799 3126 prosecutus
1835 3069 1910 3107 est
1946 3095 1959 3108 .
1997 3094 2011 3108 .
2047 3093 2062 3109 .

177 3190 180 3193 .
235 3143 340 3214 [He
387 3144 563 3196 relatas
613 3145 710 3196 this
756 3157 885 3213 story
935 3144 1111 3213 merely
1164 3157 1207 3196 to
1254 3162 1515 3212 encourage
1566 3140 1836 3212 Donnin0.]
1917 3140 2061 3194 Vale.

238 3231 431 3295 Patavi,
464 3251 530 3283 1v.
559 3230 680 3282 Idus
708 3231 873 3283 Maias
899 3230 1092 3301 [1373]
