2242 3600
1989 106 2008 130 ,ε

620 178 1025 234 NICOLAO
1079 177 1572 231 LAVRENTII
1953 180 2013 231 81

169 307 401 373 disserui,
448 327 543 361 nec
589 322 731 360 retro
776 327 872 360 nec
917 321 1040 362 ante
1084 307 1377 376 respicienS,
1425 326 1521 359 nec
1565 305 1842 359 attendens
1887 324 2017 376 quos
2042 330 2089 357 10

167 413 407 446 sermone
439 413 748 465 pungerem,
784 413 913 466 quos
948 393 1250 447 mulcerem.
1322 393 1528 446 Multos
1563 393 1694 446 mihi
1727 411 1857 463 quos
1891 411 2017 444 con·-

168 481 463 534 ciliaveram
490 482 755 547 convictu,
777 481 946 534 verbis
968 480 1204 544 alienavi,
1223 499 1318 532 nec
1341 480 1557 532 miratus
1582 498 1715 533 sum.
1778 478 2018 531 Sciebam

167 567 309 619 enim
339 568 663 621 verissimum
692 568 1078 621 Terentianum
1109 585 1214 617 esse
1243 565 1393 631 illud,
1427 566 1777 637 ‘obsequium
1808 565 2017 631 amicos,

164 643 353 707 veritas
399 651 582 719 odium
604 655 809 725 parib}
848 672 943 705 nec
994 652 1151 705 multi
1196 653 1365 705 facere
1415 653 1530 722 quis
1581 671 1666 704 me
1710 665 1933 717 accuset,
1977 652 2019 703 si

165 740 386 794 absolvit
415 741 746 794 conscientia.
2042 765 2087 806 15

234 828 379 880 Haec
424 829 659 897 praesare
702 826 880 891 libuit,
928 845 994 879 ne
1038 826 1178 877 forte
1222 826 1576 895 frequentiam
1620 825 1919 877 litterarum
1965 839 2020 877 et

163 914 501 967 sedulitatem
545 916 600 967 in
645 933 730 967 me
772 931 1147 983 supervacuam
1193 913 1486 976 mirareris;
1553 932 1726 983 neque
1770 913 1912 964 enim
1957 926 2019 964 ut

164 1000 344 1053 absens
391 1016 445 1054 et
494 1001 560 1053 de
604 1001 897 1070 longinquo
944 999 1104 1052 finem
1150 1013 1406 1069 spectanS,
1453 999 1544 1051 sed
1590 1000 1646 1052 in
1692 1000 1800 1051 acie
1847 998 2020 1051 media

163 1107 400 1158 praesens
450 1107 585 1153 sum,
636 1089 719 1141 vel
770 1088 1003 1141 victurus
1059 1087 1262 1155 ingenti
1319 1087 1519 1156 proelio
1569 1086 1652 1139 vel
1706 1085 2012 1151 vincendus,

162 1174 389 1245 ideoque
419 1189 473 1229 et
504 1175 610 1227 dies
642 1175 775 1228 curis
808 1188 861 1226 et
892 1174 1037 1244 quies
1070 1173 1317 1225 turbatur
1346 1174 1401 1225 in
1431 1174 1640 1238 somniS,
1671 1187 1725 1225 et
1757 1173 2016 1244 dormiens
2039 1197 2088 1226 20

163 1275 218 1314 et
240 1262 457 1331 vigilans
478 1261 678 1327 laboro,
702 1275 756 1313 et
783 1261 1020 1331 quietem
1044 1259 1185 1312 nulla
1211 1279 1325 1331 pars
1350 1260 1480 1311 mihi
1508 1260 1757 1330 temporis
1779 1259 2015 1330 largitur.

163 1348 228 1401 In
262 1348 363 1400 hoc
396 1362 539 1400 statu
574 1367 741 1414 unum
776 1348 907 1399 mihi
941 1347 1112 1399 solatii
1144 1366 1307 1416 genus
1343 1362 1419 1399 est
1450 1346 1716 1432 galamus3
1772 1361 1833 1399 ut
1867 1346 2017 1400 illum

115 1431 122 1437 ”
161 1436 218 1487 111
255 1434 494 1488 manibus
530 1435 717 1500 habeo,
749 1449 926 1487 tecum
962 1453 1095 1499 sum,
1127 1433 1276 1506 loqui
1311 1435 1508 1504 incipio
1544 1453 1651 1486 non
1686 1433 1832 1504 quod
1869 1433 2017 1486 dictu

162 1521 448 1592 pulchrius,
484 1521 575 1573 sed
612 1521 758 1592 quod
795 1521 937 1591 prius
977 1521 1224 1585 occurrit,
1262 1540 1434 1591 neque
1471 1535 1582 1573 tam
1618 1520 1876 1572 coloribus
1912 1530 2029 1572 ser-'

162 1628 382 1661 monum
421 1609 616 1674 studiO,
652 1628 812 1679 quam
851 1623 911 1661 ut
951 1608 1072 1661 stilo
1107 1608 1347 1679 quolibet
1382 1609 1437 1660 in
1475 1607 1683 1685 auribus
1719 1608 1820 1659 tuis
1857 1608 2016 1659 animi
2040 1634 2085 1674 25

161 1696 265 1748 mei
299 1715 462 1761 curaS,
498 1710 552 1747 et
586 1710 988 1766 praegravatum
1022 1710 1205 1765 pectus
1240 1713 1535 1747 exonerem.
1606 1694 1755 1755 Quae
1787 1713 1909 1746 cum
1942 1695 2017 1747 ita

93 1809 99 1814 ·
158 1783 282 1847 sint,
316 1782 562 1856 epistolas
612 1802 748 1835 meas
796 1784 866 1834 sic
915 1783 1154 1853 excipies,
1195 1797 1257 1836 ut
1305 1782 1370 1835 ab
1419 1783 1488 1834 eis
1537 1795 1800 1852 exspectes
1839 1782 2014 1852 potius

159 1869 414 1922 familiare
449 1869 791 1939 colloquium,
829 1889 990 1939 quam
1027 1869 1293 1922 dictamen
1331 1869 1533 1938 elegans
1570 1886 1745 1920 rerum
1782 1882 2013 1921 tuarum.

160 1956 313 2008 Curis
339 1957 518 2008 anxius
545 1956 645 2007 hoc
671 1976 765 2026 per
793 1956 951 2021 diem,
979 1957 1079 2008 hoc
1106 1976 1199 2026 per
1225 1970 1437 2029 noctem
1464 1956 1657 2024 cogito,
1685 1968 1738 2006 et
1766 1955 2015 2024 quoniam

160 2043 411 2095 memoria
439 2044 597 2112 fugax
626 2057 679 2095 et
709 2043 949 2095 volubilis
981 2058 1075 2106 est,
1107 2063 1171 2095 ne
1200 2043 1479 2094 confestim
1508 2055 1795 2106 evanescat,
1825 2041 2014 2093 litteris
2036 2064 2085 2103 30

159 2148 275 2181 eam
324 2130 594 2182 tenacibus
643 2129 888 2200 illaqueo‚
939 2145 992 2181 et
1044 2130 1255 2181 diurnos
1305 2129 1526 2199 quidem
1584 2129 1842 2197 cogitatus
1902 2130 2014 2179 fero

160 2216 379 2269 domum
419 2231 677 2286 repetens,
718 2231 1001 2269 nocturnos
1042 2236 1194 2268 mane
1233 2235 1544 2285 consurgens
1583 2214 1789 2278 scribo;
1843 2233 2014 2284 neque

156 2303 198 2354 si
225 2303 488 2372 impetum
516 2322 774 2373 sequerer,
807 2303 913 2354 dies
943 2302 1048 2355 ulla
1075 2304 1184 2354 sine
1210 2302 1399 2354 litteris
1429 2302 1753 2372 praeteriret.

227 2389 373 2449 Quid
418 2403 597 2441 autem
644 2389 709 2441 de
754 2404 809 2441 te
853 2391 1091 2459 proxima
1131 2404 1310 2458 nocte,
1357 2389 1529 2440 nescio
1574 2409 1641 2440 an
1684 2387 1902 2458 pervigil
1947 2407 2013 2439 an

158 2476 506 2546 semisopitus,
528 2477 866 2545 cogitaverim
896 2496 961 2528 an
988 2476 1228 2540 viderim,
1252 2476 1438 2528 dicam.
1502 2474 2012 2553 Edebffssssstsfflssss
2034 2494 2082 2535 35

158 2563 215 2614 in
235 2562 412 2614 medio
433 2577 487 2614 et
509 2562 758 2614 altissimo
781 2562 967 2615 mundi
988 2562 1104 2614 1000
1127 2577 1237 2615 tam
1258 2581 1504 2632 supremo
1525 2550 1796 2632 prae-rupti
1818 2546 2052 2613 montis*-

158 2650 373 2713 vertice,
397 2663 459 2700 ut
482 2669 647 2719 prope
670 2649 876 2701 coelum
901 2664 1152 2718 tangeres.
1212 2649 1491 2719 Quidquid
1516 2648 1581 2700 de
1604 2649 1789 2700 nostris
1813 2648 2010 2699 monti-

160 2736 254 2788 bus
295 2735 546 2800 videram,
589 2736 853 2806 quidquid
895 2736 960 2787 de
999 2737 1281 2805 peregrinis
1327 2735 1593 2788 audieram
1638 2755 1726 2787 seu
1766 2734 2010 2804 legeram,
2063 2739 2071 2747 ⁰

158 2822 399 2892 planities
441 2821 643 2873 deiecta
683 2822 999 2887 videbatur3
1060 2823 1170 2892 ipse
1209 2837 1448 2875 cantatus
1490 2823 1765 2892 utriusque
1802 2821 2011 2890 linguae

158 2908 365 2962 vatibus
416 2907 675 2978 Olympus
725 2909 1050 2961 humillimus
1092 2909 1233 2961 collis
1274 2924 1402 2962 erat.
1498 2909 1679 2961 Nubes
1719 2909 1874 2978 longe
1912 2908 2008 2960 sub
2031 2933 2081 2968 40

158 2994 381 3065 pedibus
419 2994 510 3046 sed
548 3014 655 3047 non
694 2995 866 3048 multo
917 3015 1072 3065 super
1122 2997 1375 3049 verticem
1421 2996 1705 3048 ferebatur.
1781 2995 2007 3048 Caterva

161 3096 215 3134 te
251 3082 484 3136 virorum
521 3082 742 3134 fortium
778 3081 1027 3151 stipabat,
1069 3096 1129 3134 tu
1167 3083 1368 3135 medius
1406 3097 1461 3134 et
1498 3083 1699 3135 cunctis
1737 3082 2009 3134 sublimior

158 3166 370 3218 sedebas
414 3166 640 3219 radianti
682 3167 829 3233 solio,
875 3181 1028 3219 tanto
1072 3168 1282 3220 mortali
1323 3169 1494 3239 specie
1538 3169 1805 3238 augustior
1848 3181 2009 3237 atque

160 3253 465 3323 fulgentior,
521 3268 583 3306 ut
637 3255 735 3325 ipsi
790 3268 844 3306 et
898 3254 1112 3306 Phoebo
1167 3255 1385 3308 movisse
1438 3255 1681 3308 videreris
1737 3254 2006 3307 invidiam.

235 3354 339 3404 2548
1067 3360 1100 3393 G
