2242 3600
325 182 419 253 196
837 180 1117 234 LVCAE
1177 181 1283 233 DE
1338 180 1631 234 PENNA

320 325 637 378 quamquam
680 307 938 359 senectuti
979 322 1263 378 occupatae
1303 309 1605 378 praesertim
1647 323 1700 362 et
1741 309 1997 364 invalidae
2033 328 2145 364 non

317 394 465 446 labor
495 406 722 457 tantum,
754 405 814 444 ut
845 406 905 444 tu
935 391 1077 459 dicis,
1106 393 1196 445 sed
1223 393 1537 463 supplicium
1565 395 1632 448 sit
1659 395 1897 461 scribere,
1923 395 2145 450 scribam

321 490 532 529 tamen·
519 517 533 540 ,
589 474 655 526 de
689 473 1036 527 delectatione
1070 489 1130 528 tu
1163 475 1367 541 videris,
1404 475 1468 528 de
1501 477 1809 546 fatigatione
1840 478 2143 548 pronuntio,

320 562 479 614 Certe
505 561 547 613 si
577 573 784 612 motum
814 559 973 612 animi
1003 561 1105 613 mei
1133 580 1333 632 sequar,
1365 581 1460 630 ego
1490 576 1544 614 te
1572 562 1729 615 hodie
1756 562 2022 632 fatigab03
2070 563 2146 616 ita

247 674 296 715 45
318 649 478 718 igitur
501 666 554 699 se
578 666 655 699 res
680 646 857 698 habet.

387 732 657 803 Siquidem
681 731 782 784 ab
767 751 876 802 ipsa
898 733 1140 803 pueritia,
1165 734 1377 803 quando
1398 735 1559 787 ceteri
1582 752 1759 787 omnes
1783 748 1874 788 aut
1895 734 2146 806 Prospero

316 820 521 872 inhiant
556 832 647 870 aut
680 817 902 888 Aesopo,
939 838 1034 888 ego
1066 818 1209 871 libris
1244 819 1508 873 Ciceronis
1541 821 1775 887 incubui,
1808 840 1898 874 seu
1931 835 2146 876 naturae

315 906 588 969 instinctu,
630 923 719 956 seu
759 904 987 974 parentis
1028 905 1261 970 hortatu,
1305 907 1396 976 qui
1438 907 1659 959 auctoris
1699 906 1833 959 illius
1873 921 2147 961 venerator

275 1023 277 1029 ,
314 993 493 1060 ingens
516 991 636 1054 fuit,
659 989 810 1042 facile
830 991 886 1042 in
907 991 1074 1042 altum
1097 1009 1350 1056 evasurus,
1376 993 1470 1044 nisi
1493 993 1768 1062 occupatio
1790 992 1863 1044 rei
1883 992 2144 1046 familiaris

243 1085 294 1144 50
317 1077 491 1129 nobile
518 1076 829 1128 distraxisset
855 1077 1141 1145 ingenium,
1169 1091 1223 1129 et
1247 1077 1418 1130 virum
1444 1078 1612 1147 patria
1636 1077 1844 1148 pulsum
1871 1092 2144 1131 onustum-

316 1183 419 1233 que
461 1162 656 1214 familia
709 1162 841 1213 curis
887 1162 992 1213 aliis
1044 1162 1318 1215 intendere
1361 1164 1622 1232 coegisset.
1688 1164 1758 1215 Et
1799 1162 1888 1216 illa
1929 1163 2144 1235 quidem

315 1264 487 1303 aetate
529 1249 658 1301 nihil
699 1250 990 1319 intelligere
1031 1265 1286 1320 poteram,
1328 1250 1433 1302 sola
1475 1269 1559 1302 me
1600 1249 1880 1303 verborum
1923 1249 2145 1303 dulcedo

315 1335 572 1406 quaedam
599 1349 651 1388 et
677 1337 929 1388 sonoritas
958 1335 1245 1401 detinebat,
1274 1350 1335 1389 ut
1362 1336 1623 1407 quidquid
1649 1335 1790 1389 aliud
1814 1336 1896 1390 vel
1919 1335 2143 1406 legerem

313 1422 394 1475 vel
424 1422 659 1474 audirem
689 1441 904 1474 raucum
934 1423 1064 1474 mihi
1091 1422 1350 1492 longeque
1381 1422 1644 1476 dissonum
1672 1421 1954 1475 videretur.
2018 1423 2144 1476 Erat

241 1530 290 1575 55
313 1509 408 1561 hac
440 1510 610 1561 fateor
639 1509 695 1560 in
727 1527 782 1560 re
801 1498 962 1578 {pueri
995 1527 1101 1561 non
1132 1508 1330 1578 puerile
1367 1508 1638 1574 iudicium,
1670 1508 1712 1561 si
1748 1508 2003 1561 iudicium
2041 1508 2144 1581 dici

314 1595 489 1660 debet,
521 1594 666 1665 quod
696 1582 838 1647 nulla
867 1595 1070 1647 ratione
1097 1594 1414 1660 subsisteret,
1444 1594 1577 1647 illud
1606 1595 1798 1647 mirum
1826 1593 1959 1647 nihil
1978 1594 2142 1671 &ltel-

308 1682 562 1750 ligentem
600 1680 657 1732 id
684 1680 903 1754 sentire,
945 1680 1089 1751 quod
1129 1694 1280 1733 tanto
1318 1694 1437 1751 post
1477 1680 1675 1751 aliquid
1711 1680 1835 1733 licet
1875 1679 2142 1735 modicum

305 1768 603 1838 intelligens
631 1768 827 1845 gentio,
911 1767 1190 1820 Crescebat
1236 1769 1293 1819 in
1340 1767 1445 1820 dies
1495 1766 1806 1819 desiderium
1853 1785 2049 1834 meum,
2087 1781 2142 1821 et

311 1855 469 1925 patris
507 1853 783 1906 admiratio
819 1872 876 1905 ae
911 1854 1074 1923 pietas
1112 1853 1431 1924 aliquamdiu
1466 1853 1750 1905 immaturo
1783 1852 1921 1907 favit·
1947 1852 2140 1906 studio,

241 1951 290 1989 60
311 1942 379 1994 Et
406 1960 502 2010 ego
526 1940 623 1992 hac
645 1958 749 2008 una
771 1958 877 1991 non
901 1939 1065 2008 segnis
1091 1939 1147 1991 in
1168 1958 1240 2005 re,
1264 1957 1385 1991 cum
1410 1939 1496 1992 vix
1518 1952 1651 1991 testa
1676 1940 1890 1992 effracta
1914 1937 2141 2009 aliquam

312 2026 482 2079 nuclei
504 2024 835 2079 dulcedinem
858 2024 1203 2094 degustarem,
1226 2024 1356 2077 nihil
1376 2042 1610 2095 unquam
1631 2024 1696 2076 de
1715 2023 2140 2094 contingentibus

310 2113 583 2177 intermisi,
604 2125 812 2182 paratus
832 2124 1020 2181 sponte
1042 2129 1219 2163 meum
1238 2111 1452 2181 genium
1471 2109 1727 2176 fraudare,
1748 2128 1856 2181 quo
1876 2110 2139 2165 Ciceronis
2213 2116 2217 2118 ’

310 2200 466 2253 libros
493 2198 864 2295 undecumque
890 2197 1270 2267 conquirerem.

378 2284 461 2338 Sic
500 2298 690 2355 coepto
734 2284 790 2336 in
826 2283 1020 2349 studi0‚
1041 2283 1257 2354 ‘nullis
1266 2283 1488 2347 externis
1538 2300 1708 2357 egens
1721 2282 1978 2356 stimulis²
2015 2301 2137 2354 pro-

238 2389 284 2439 65
309 2370 576 2436 cedebam,
613 2369 779 2422 donec
828 2369 1015 2422 victrix
1063 2369 1349 2422 industriae
1399 2356 1655 2440 cupiditas
1705 2368 1828 2421 iuris
1862 2368 2023 2422 civilis
2071 2368 2139 2422 ad

307 2457 542 2511 studium
578 2475 662 2508 me
699 2456 938 2521 detrusit,
975 2470 1035 2508 ut
1070 2456 1111 2507 si
1147 2456 1240 2508 diis
1276 2455 1446 2526 placet
1481 2455 1815 2520 addiscerem,
1851 2455 2031 2526 quid
2014 2455 2138 2509 luris

310 2544 374 2596 de
401 2542 737 2596 commodato
765 2555 818 2594 et
845 2554 1051 2607 mutUO,
1082 2541 1146 2594 de
1173 2542 1495 2595 testamentis
1524 2555 1577 2593 et
1603 2540 1869 2607 codicillis,
1897 2541 1964 2594 de
1987 2561 2135 2613 prae·-

309 2629 402 2681 diis
440 2629 639 2681 rusticis
678 2642 731 2681 et
768 2628 993 2693 urbaniS,
1032 2641 1086 2680 et
1123 2627 1448 2681 obliviscerer
1484 2627 1793 2680 Ciceronem
1829 2626 1967 2680 vitae
1998 2626 2135 2697 legoe

306 2715 662 2767 saluberrimas
702 2714 1097 2766 describentem.
1173 2714 1239 2766 In
1276 2732 1337 2766 eo
1372 2713 1549 2766 studio
1585 2713 1919 2784 septennium
1958 2727 2134 2767 totum

236 2825 286 2865 70
307 2800 528 2880 Qdffli,
555 2800 723 2852 dicam
745 2800 911 2853 verius
940 2818 1098 2870 quam
1126 2799 1285 2869 exegi.
1344 2800 1522 2869 thue
1545 2817 1654 2851 rem
1677 2817 1842 2869 paene
1862 2797 2133 2852 ridiculam

306 2886 641 2957 flebilemque
679 2886 870 2951 audiaS,
909 2887 1110 2938 factum
1148 2899 1225 2938 est
1262 2885 1541 2956 aliquando
1580 2899 1657 2950 ut,
1695 2885 1865 2938 nescio
1901 2903 2009 2956 quo
2042 2886 2133 2940 sed

308 2973 524 3025 minime
583 2991 830 3042 generoso
890 2971 1121 3038 consilio,
1183 2989 1359 3024 omnes
1420 2990 1548 3042 quos
1608 2971 1799 3024 habere
1855 2985 2132 3043 potueram

307 3058 571 3110 Ciceronis
622 3071 675 3109 et
723 3057 877 3110 simul
925 3057 1126 3128 aliquot
1174 3070 1450 3127 poetarum
1497 3056 1638 3123 libri,
1685 3055 1940 3110 lucrativo
1987 3057 2133 3111 velut
2190 3045 2196 3050 .

306 3143 482 3195 studio
518 3142 732 3208 adversi,
768 3142 995 3195 latibulis
1033 3142 1125 3195 ubi
1161 3162 1273 3213 ego,
1311 3142 1455 3213 quod
1492 3162 1615 3196 mox
1651 3142 1857 3208 accidit,
1894 3157 2131 3198 metuens

236 3244 284 3293 75
303 3228 415 3281 illos
464 3227 781 3295 abdideram,
833 3247 917 3282 me
963 3235 1232 3300 spectante
1280 3231 1434 3295 eruti,
1483 3231 1630 3300 quasi
1667 3229 1954 3284 haeresium
1989 3229 2130 3297 libri,
