2242 3600
198 175 264 228 40
346 159 748 212 IOHANNI
807 160 1303 214 COLVMNAE
1358 160 1407 212 A
1459 159 1621 212 SAN
1676 157 1900 211 VITO

156 304 163 345 2‘
195 287 334 339 enim
372 288 611 341 dubitare
646 303 838 359 potest,
876 288 1003 359 quin
1038 288 1156 341 ilico
1192 301 1481 341 surrectura
1517 286 1600 352 sit,
1633 286 1672 340 si
1707 286 1937 358 coeperit
1971 305 2024 338 se

158 383 161 432 '.
197 372 361 425 Roma
390 393 695 444 cognoscere
725 379 742 426 ?

264 459 363 511 Sed
387 460 513 512 haec
538 460 745 513 alterius
772 460 1019 530 temporis
1045 475 1120 513 est
1147 461 1370 532 querela.
1433 459 1732 513 Solebamus
1758 478 1879 529 ergo
1903 471 2023 530 post

121 556 170 597 45
191 544 571 614 fatigationem,
613 565 770 616 quam
821 546 969 598 nobis
1018 546 1267 599 immensa
1318 547 1439 599 urbs
1491 545 1688 598 ambita
1727 558 2044 616 pepererat„

188 631 386 701 saepius
416 633 481 684 ad
510 633 761 685 Thermas
792 633 1141 686 Diocletianas
1171 633 1460 698 subsistere,
1491 651 1870 702 nonnunquam
1899 649 2022 685 vero

189 735 342 786 supra
392 717 711 769 testudinem
762 717 895 770 illius
946 718 1481 788 magnificentissimae
1532 718 1656 770 olim
1709 717 1893 769 domus
1944 735 2020 768 as-

189 802 424 867 cendere,
459 803 602 873 quod
632 817 684 855 et
717 823 799 855 aer
831 803 1061 856 salutaris
1093 818 1146 856 et
1177 802 1479 875 prospectus
1508 804 1639 855 liber
1671 817 1724 855 et
1754 802 2020 855 silentium

188 907 245 939 ac
293 888 467 941 votiva
516 889 743 941 solitudo
792 908 1047 960 nusquam
1098 890 1275 960 magis.
1374 890 1457 942 Ibi
1507 890 1570 942 de
1621 888 1841 959 negotiis
1890 887 2022 940 nihil

117 990 166 1030 50
188 974 420 1039 omnino,
443 974 573 1026 nihil
595 975 658 1027 de
679 994 733 1026 re
755 975 994 1027 familiari
1021 976 1256 1047 nihilque
1283 976 1347 1028 de
1373 975 1656 1046 republica,
1679 994 1837 1046 quam
1862 973 2021 1028 semel

186 1060 378 1112 flevisse
407 1060 524 1112 satis
554 1074 628 1112 est
652 1083 666 1126 3
716 1075 768 1112 et
799 1062 1043 1114 euntibus
1071 1080 1163 1132 per
1192 1062 1396 1115 moenia
1424 1065 1618 1114 fractae
1646 1061 1804 1126 urbis,
1834 1074 1888 1113 et
1916 1060 2021 1113 illic

186 1146 483 1199 sedentibus
512 1147 781 1199 ruinarum
811 1150 1101 1218 fragmenta
1131 1148 1227 1200 sub
1256 1148 1415 1201 oculis
1445 1162 1609 1200 erant.
1675 1147 1819 1207 Quid
1848 1167 1970 1217 ergo
1999 1151 2017 1200 ἓ

185 1232 392 1284 Multus
425 1233 488 1283 de
507 1233 741 1312 historiis
772 1253 939 1286 sermo
970 1248 1098 1299 erat,
1131 1254 1255 1305 quas
1284 1234 1358 1286 ita
1388 1234 1571 1305 partiti
1600 1233 1926 1298 videbamur,
1956 1247 2018 1286 ut

183 1318 237 1370 in
283 1319 426 1371 novis
472 1333 550 1383 tu,
595 1319 649 1371 in
695 1319 921 1390 antiquis
967 1341 1062 1390 ego
1106 1321 1308 1373 viderer
1353 1319 1630 1391 expertior,
1677 1333 1730 1371 et
1777 1319 2018 1378 dicantur

112 1424 161 1465 55
184 1404 429 1474 antiquae
468 1425 829 1476 quaecumque
866 1419 988 1458 ante
1026 1405 1346 1458 celebratum
1384 1407 1581 1458 Romae
1618 1419 1671 1457 et
1708 1419 2015 1458 veneratum

184 1490 428 1542 Romanis
454 1490 774 1561 principibus
801 1492 998 1544 Christi
1023 1511 1233 1557 nomen,
1261 1512 1424 1546 novae
1448 1506 1626 1545 autem
1652 1512 1715 1543 ex
1737 1491 1827 1544 illo
1852 1511 2016 1563 usque

182 1576 247 1627 ad
281 1577 414 1628 hanc
451 1590 693 1629 aetatem.
765 1577 973 1630 Multus
1010 1598 1221 1649 quoque
1258 1579 1322 1630 de
1356 1578 1440 1630 illa
1476 1592 1624 1648 parte
1659 1577 2017 1655 Qilosophiae

183 1683 315 1733 quae
349 1681 515 1715 mores
550 1663 799 1728 instruit3
854 1664 977 1716 hinc
1012 1678 1163 1717 nacta
1200 1683 1506 1734 cognomen.
1578 1664 1857 1717 Interdum
1891 1685 2015 1718 vero

183 1749 247 1800 de
274 1748 470 1802 artibus
498 1762 550 1800 et
579 1749 642 1800 de
667 1769 846 1802 earum
873 1750 1172 1803 auctoribus
1201 1764 1361 1824 atque
1385 1749 1668 1822 principiis.

109 1849 159 1888 60
250 1835 439 1905 Itaque
475 1835 557 1887 die
594 1836 843 1906 quodam,
880 1837 1022 1901 dum
1042 1837 1097 1890 in
1133 1857 1246 1890 eam
1282 1837 1606 1910 mentionem
1641 1836 2013 1904 incidissemuS,

181 1920 423 1990 flagitasti
452 1935 512 1974 ut
544 1922 768 1974 dicerem
798 1898 1058 1992 explicite,
1089 1922 1229 1976 unde
1258 1919 1549 1994 putarem
1517 1908 1759 1975 liberales
1789 1937 1843 1976 et
1872 1924 2014 1978 unde

180 2006 501 2060 mechanicas
532 2007 744 2060 initium
786 2008 1039 2075 habuisse,
1081 2009 1226 2081 quod
1267 2009 1489 2081 carptim
1533 2030 1596 2062 ex
1635 2029 1719 2062 me
1761 2010 2010 2064 audieras.

182 2094 302 2146 Feci
336 2095 479 2165 quod
521 2094 733 2147 iubebas
775 2096 917 2148 haud
958 2096 1176 2162 duriter,
1213 2096 1359 2168 qu0d
1393 2098 1520 2149 hora
1557 2095 1659 2148 diei
1690 2110 1744 2149 et
1783 2096 2012 2150 vacuitas

178 2178 446 2232 inutilium
496 2199 735 2234 curarum
786 2195 839 2234 et
887 2182 995 2252 ipse
1041 2183 1183 2236 locus
1231 2183 1560 2248 hortabatur,
1609 2196 1670 2235 ut
1719 2202 2009 2237 sermonem

107 2272 156 2323 65
177 2266 559 2335 longiusculum
612 2268 827 2333 ordirer,
881 2283 933 2320 et
986 2270 1214 2322 attentio
1266 2283 1357 2323 tua
1408 2289 1519 2322 rem
1573 2268 1671 2321 tibi
1723 2269 2009 2324 admodum

180 2353 380 2422 placere
418 2353 611 2406 indicio
650 2369 776 2406 erat.
850 2355 1096 2408 Testatus
1135 2375 1248 2409 sum
1288 2371 1464 2409 tamen
1503 2375 1587 2408 me
1625 2355 1755 2407 nihil
1793 2375 2011 2423 novum,

180 2437 309 2489 nihil
331 2439 452 2489 fere
459 2457 635 2490 meum
661 2439 884 2504 dicere,
871 2458 1033 2492 1mmo
1055 2462 1177 2494 vero
1200 2441 1330 2494 nihil
1352 2441 1595 2494 alienum.
1654 2441 1846 2505 Omnia
1869 2443 2009 2496 enim

114 2572 117 2573 γ
179 2520 529 2594 undecunque
571 2525 844 2578 didicimus
889 2541 1063 2579 nostra
1100 2542 1240 2593 sunt,
1278 2527 1589 2588 nisQrsan
1628 2527 1927 2581 abstulerit
1931 2550 2040 2592 ea„

179 2609 325 2665 nobis
352 2610 561 2679 oblivio.
629 2611 842 2670 Quaeris
873 2632 1030 2678 nunc,
1058 2627 1117 2666 ut
1147 2614 1292 2685 quod
1319 2614 1407 2666 illo
1435 2613 1518 2665 die
1549 2613 1655 2665 dixi
1684 2628 1919 2685 repetam
1949 2637 2008 2670 ac

109 2717 155 2757 70
177 2694 363 2747 litteris
407 2696 668 2748 mandem.
748 2698 943 2763 Multa,
986 2701 1169 2764 fateor,
1211 2698 1335 2764 dixi,
1375 2719 1507 2770 quae
1546 2698 1605 2765 si,
1645 2719 1750 2752 non
1789 2701 2007 2756 mutatis

178 2781 364 2847 verbis,
394 2781 562 2833 dicere
596 2782 821 2852 cupiam,
852 2804 958 2836 non
984 2785 1190 2855 possim.
1261 2785 1441 2851 Redde
1467 2784 1597 2837 mihi
1629 2785 1777 2838 illum
1809 2786 2004 2855 locum,

177 2866 308 2920 illud
372 2867 559 2932 otium,
610 2868 750 2920 illam
817 2869 974 2934 diem,
1025 2870 1165 2923 illam
1231 2869 1581 2923 attentionem
1647 2886 1812 2939 tuam,
1862 2873 2004 2928 illam

176 2953 370 3023 ingenii
397 2954 498 3005 mei
524 2974 740 3019 venam3
790 2970 975 3025 potero
1005 2957 1149 3027 quod
1177 2976 1408 3028 unquam
1436 2957 1605 3027 potui.
1672 2959 1772 3011 Sed
1798 2973 2003 3014 mutata

175 3053 296 3091 sunt
327 3038 518 3102 omnia,
547 3039 688 3091 locus
719 3040 879 3105 abest,
913 3041 1016 3093 dies
1047 3042 1193 3107 abiit,
1225 3042 1393 3095 otium
1423 3042 1597 3112 periit,
1627 3062 1723 3113 pro
1752 3044 1882 3097 facie
1913 3060 2003 3100 tua

107 3144 154 3186 75
176 3140 345 3178 mutas
374 3125 571 3177 litteras
601 3126 805 3195 aspicio.
873 3128 1090 3196 Ingenio
1120 3148 1237 3181 meo
1266 3129 1563 3181 relictarum
1594 3150 1620 3181 a
1652 3144 1798 3200 tergo
1827 3150 2002 3184 rerum

175 3213 345 3280 fragor
372 3210 551 3276 officit,
579 3211 668 3282 qui
695 3212 863 3265 adhuc
890 3212 942 3265 in
970 3214 1176 3267 auribus
1202 3214 1326 3267 meis
1354 3228 1521 3280 tonat,
1550 3217 1782 3286 quamvis
1808 3217 1877 3270 ob
1900 3216 2002 3271 hoc
