2242 3600
234 181 326 243 138
478 178 597 230 AD
656 177 1217 231 SIMONIDEM
1276 178 1845 233 PRAEFATIO

228 301 494 364 Socratem
529 303 738 371 eripuit.
810 302 950 354 Nolo
984 322 1077 372 per
1111 303 1329 355 aliorum
1364 324 1502 356 casus
1537 304 1715 357 stilum
1751 305 1957 372 ducere,
1993 326 2059 359 ne

228 388 385 439 tristis
413 388 542 438 mihi
569 387 753 439 fletum
781 402 996 440 renovet
1023 390 1289 455 memoria,
1318 403 1371 442 et
1399 409 1561 442 annus
1586 391 1672 443 hic
1697 391 1939 461 pestilens
1966 393 2060 462 qui

225 472 374 525 illum
403 474 458 524 in
488 472 664 525 multis
691 472 815 525 locis
845 492 1043 544 perque
1070 475 1203 527 hanc
1233 475 1457 528 maxime
1485 475 1802 546 Cisalpinam
1831 476 2058 529 Galliam

161 581 206 611 ιο
228 578 335 611 non
372 559 612 628 aequavit
650 558 826 624 mod0,
864 559 953 611 sed
989 561 1151 626 vicit3
1211 562 1406 631 quique
1441 562 1580 614 inter
1617 576 1808 614 ceteras
1845 561 2056 615 Medio-

227 646 423 709 lanum,
449 644 867 697 florentissimam
892 646 1471 717 frequentissimamque
1497 647 1681 700 urbem
1706 648 1784 700 his
1809 647 2058 700 hactenus

228 731 372 783 malis
419 731 690 795 intactam,
739 749 903 800 paene
949 731 1187 783 funditus
1236 733 1488 798 exhausit,
1537 752 1638 799 me,
1687 733 1831 803 quod
1878 732 2059 799 nolim,

227 818 420 869 iterum
455 819 510 869 in
547 816 794 886 querelaS,
832 835 1002 886 neque
1036 818 1132 869 hac
1169 831 1339 870 aetate
1374 838 1544 889 neque
1578 819 1637 871 iis
1672 819 1855 872 studiis
1891 838 2062 890 neque

229 903 444 955 omnino
468 921 552 954 me
576 902 770 972 dignas,
797 916 965 971 cogat.
1025 902 1204 955 Multa
1227 904 1358 956 mihi
1382 918 1509 957 tunc
1533 905 1742 974 permisi
1765 924 1899 975 quae
1922 923 2061 957 nunc

163 1013 206 1053 ¹5
230 1009 378 1058 nego,
450 988 611 1059 Spero
645 1008 751 1040 non
784 1007 868 1040 me
900 987 1115 1040 flentem
1150 1003 1327 1042 cernet
1361 989 1578 1060 amplius
1612 992 1860 1054 fortuna3
1912 989 2063 1042 stabo

227 1076 267 1127 si
301 1089 523 1145 potem,
575 1075 615 1127 si
649 1075 836 1140 minuS,
869 1075 1062 1127 siccum
1094 1088 1293 1127 sternet
1326 1095 1382 1127 ac
1417 1076 1655 1128 tacitum.
1721 1075 1955 1145 Turpior
1986 1087 2063 1127 est

229 1162 453 1230 gemitus
482 1180 640 1231 quam
668 1162 833 1213 ruina.

297 1247 382 1300 Ad
406 1247 462 1299 id
487 1247 631 1317 quod
653 1247 886 1299 dicturus
910 1266 1025 1299 sum
1046 1247 1365 1317 progredior.
1427 1248 1518 1299 Est
1544 1247 1609 1299 ad
1631 1246 1898 1300 Socratem
1913 1247 2067 1300 Liber

230 1336 567 1389 Familiarum
602 1337 786 1387 Rerum
818 1347 1010 1399 noster,
1036 1352 1253 1403 corpore
1277 1332 1491 1403 quidem
1516 1334 1694 1403 ingens
1723 1347 1776 1385 et
1799 1334 1841 1385 si
1874 1333 2063 1385 sinere-

161 1448 208 1475 20
232 1435 319 1473 tur
345 1421 608 1490 ingentior
636 1421 843 1471 futurus
867 1440 880 1484 ;
930 1419 1151 1489 proinde
1179 1419 1324 1489 quod
1349 1419 1455 1471 illic
1484 1419 1865 1490 praesagiebam
1893 1418 2065 1484 video,

231 1507 401 1560 nullus
437 1507 567 1558 mihi
603 1506 727 1558 alius
765 1506 1048 1576 epistolaris
1087 1506 1193 1559 stili
1232 1525 1390 1576 quam
1428 1507 1567 1559 vitae
1602 1507 1715 1558 finis
1752 1505 2064 1558 ostenditur.

234 1595 423 1664 Itaque
455 1594 495 1645 si
530 1592 660 1663 quid
695 1592 798 1644 tale
832 1592 962 1644 mihi
997 1592 1237 1663 deinceps
1271 1592 1353 1645 vel
1386 1593 1672 1645 amicorum
1705 1592 1953 1644 instantia
1984 1590 2068 1644 vel

154 1692 203 1725 'i‘
233 1699 407 1732 rerum
439 1679 707 1731 necessitas
740 1678 1013 1754 „eggtorserit
1047 1680 1163 1747 (ego
1195 1679 1334 1731 enim
1365 1698 1539 1732 rerum
1570 1678 1802 1732 conscius
1832 1695 2067 1730 mearum

233 1786 340 1819 non
378 1765 508 1836 quid
545 1766 648 1816 iam
686 1765 893 1817 sarcinis
934 1765 1174 1818 adiiciam
1213 1785 1419 1836 quaeSO,
1458 1765 1548 1818 sed
1585 1765 1715 1836 quid
1753 1764 2066 1832 detraham),

164 1881 210 1920 25
235 1868 410 1906 totum
439 1852 537 1921 tibi
563 1851 841 1904 inscribere
868 1865 944 1903 est
973 1852 1191 1918 animu8,
1217 1853 1300 1904 cui
1326 1871 1530 1923 prosam
1551 1851 1938 1905 familiariorem
1961 1850 2068 1903 scio

234 1959 393 2011 quam
419 1958 643 1992 carmen.
721 1939 996 1998 Quantum
1023 1957 1143 1991 sane
1169 1939 1252 1991 vel
1280 1958 1454 1992 rerum
1480 1938 1562 1991 vel
1587 1939 1726 1991 vitae
1750 1950 1960 2008 superet
1985 1938 2066 1989 in-

162 2084 179 2090 ,,
234 2040 438 2079 certum
467 2040 542 2079 est
566 2046 579 2090 3
627 2024 1174 2095 quantulumcumque
1200 2039 1376 2077 tamen
1401 2024 1457 2077 id
1481 2024 1658 2090 fuerit,
1685 2023 1811 2076 boni
1837 2022 2068 2076 consules

234 2113 397 2184 quod,
445 2113 541 2165 etsi
587 2111 874 2177 modicum,
922 2125 1099 2164 totum
1143 2112 1257 2185 sit.¹
1309 2112 1499 2181 Neque
1542 2130 1665 2163 vero
1709 2109 1923 2162 secundi
1966 2108 2069 2161 loci

232 2214 426 2253 sortem
462 2198 816 2269 indignabere,
855 2212 946 2251 aut
984 2198 1251 2251 Socratem
1288 2198 1387 2250 tibi
1423 2197 1713 2268 praelatum
1750 2196 1943 2262 credeS,
1978 2194 2070 2248 sed

163 2308 213 2347 30
235 2286 530 2339 memineris
564 2305 622 2337 ea
654 2299 707 2337 te
743 2285 873 2336 mihi
906 2298 1220 2355 tempestate
1247 2284 1484 2337 nondum
1513 2283 1784 2353 cognitum
1811 2302 1914 2353 qua
1939 2301 2069 2352 opus

233 2373 366 2425 illud
390 2374 697 2443 incoeptum
724 2385 817 2436 est,
844 2372 900 2423 in
926 2391 1032 2441 quo
1059 2385 1175 2423 tum
1202 2370 1368 2423 multa
1393 2383 1515 2423 sunt
1542 2370 1607 2422 ad
1634 2384 1704 2435 te,
1731 2370 1816 2421 cui
1843 2368 2069 2421 necdum
2129 2377 2131 2379 ’

238 2459 515 2511 Simonidis
550 2477 744 2510 nomen
774 2457 1102 2522 indideram3
1157 2458 1287 2527 quin
1319 2457 1418 2509 hoc
1451 2457 1621 2526 ipsum
1655 2443 1918 2526 quidquid
1950 2454 2069 2520 erit,

237 2547 381 2617 quasi
420 2546 559 2597 enim
597 2545 794 2596 iactum
833 2544 954 2596 retis
994 2543 1093 2596 tibi
1132 2543 1287 2595 dono.
1362 2543 1439 2594 Eo
1476 2543 1669 2612 gratius
1709 2541 1926 2611 accipies
1963 2559 2071 2612 quo

235 2631 392 2682 serius
416 2642 469 2681 et
490 2628 757 2680 libratiora
781 2628 919 2680 enim
944 2641 996 2679 et
1020 2627 1210 2679 rariora
1232 2646 1336 2679 esse
1356 2625 1524 2678 solent
1546 2638 1728 2678 senum·
1753 2624 1888 2678 dona
1911 2643 2070 2695 quam

167 2735 213 2775 35
237 2718 503 2770 iuvenum.
563 2713 762 2785 [1361.]
1787 2709 1791 2712 ’

243 2929 591 3003 Ταῖαναηαῖο,
628 2929 944 2989 Albanensi
977 2929 1249 3008 Episcopo
1284 2941 1340 2987 et
1377 2925 1708 2986 Cardinali.
1771 2925 1896 2986 Sen.
1935 2924 1973 2984 i.
2010 2942 2068 3004 4.

294 3061 605 3116 ITTERAS
634 3052 845 3132 pridem
886 3075 1016 3126 tuas,
1057 3059 1403 3112 amantissime
1441 3071 1607 3128 pater,
1646 3058 1806 3127 inque
1841 3056 1910 3108 eis
1946 3074 2070 3126 apo-

362 3149 604 3202 stolicum
626 3161 981 3219 praeceptum,
1005 3146 1261 3200 reverenti
1280 3144 1470 3215 gaudio
1488 3157 1701 3214 stupens
1720 3141 1927 3213 legi,}ad
1947 3160 2072 3213 quas

225 3224 500 3297 ‚ffamiliaris
530 3235 609 3287 tui
636 3234 770 3287 illius
800 3232 1289 3307 festinatio'ssiustum
1325 3218 1948 3303 respondendiffspatiuml
1966 3246 2072 3289 non

241 3322 404 3374 dedit.
472 3320 736 3391 Respondi
768 3334 961 3385 tamen,
993 3334 1054 3371 ut
1084 3319 1253 3389 potui,
1281 3317 1441 3387 idque
1467 3307 1805 3386 perbreviter,
1832 3313 1921 3367 sed
1944 3333 2074 3385 pure
