2242 3600
485 166 1031 219 PANDVLPHO
1089 165 1685 218 MALATESTAE
1909 172 2005 236 189

161 298 328 350 noctis
351 295 485 347 1111113
508 296 677 365 prima
699 295 908 364 vigilia·
894 336 908 359 ,
952 293 1094 346 vides
1118 294 1436 363 quantulum
1460 295 1590 347 mihi
1612 296 1753 346 vitae
1773 296 2005 363 spatium

159 382 405 446 restabat,
437 383 477 434 si
507 402 627 434 vera
658 395 825 433 essent
856 400 990 450 quae
1018 381 1074 432 hi
1105 382 1269 432 nostri
1299 380 1606 433 fabulantur
1635 381 2001 459 Hippocrate-s.
2022 404 2073 445 ες

161 468 264 521 Sed
297 467 539 538 quotidie
577 469 736 536 magis
776 487 834 520 ac
876 468 1034 535 magis
1070 485 1155 518 me
1187 468 1243 518 in
1275 467 1362 519 illa
1396 486 1556 537 quam
1592 456 1657 518 de
1689 467 1767 519 1113
1801 484 2006 535 semper

158 555 320 608 habui
370 556 619 624 opinione
662 554 994 606 confirmant.
1074 553 1340 605 Dixerunt
1385 556 1603 606 unicum
1652 551 2007 622 longiusculae

158 641 451 694 remedium
481 642 621 693 vitae
651 659 771 704 esse,
803 640 843 691 si
873 638 1094 707 fidiculis
1126 640 1299 691 nescio
1329 640 1518 709 quibus
1550 640 1766 692 astricto
1793 634 2004 691 somnus

158 728 563 797 abrumperetur
584 748 597 791 3
636 728 707 778 sic
728 745 812 777 me
831 725 897 777 ad
916 743 1155 777 auroram
1174 726 1392 777 forsitan
1412 740 1811 795 perventurum,
1831 725 2006 793 exigui

156 815 312 886 spatii
342 813 570 866 taediosa
600 831 809 864 merces,
877 811 1017 864 Cum
1047 825 1226 864 tamen
1253 830 1499 864 somnum
1529 812 1660 864 mihi
1687 810 1743 863 in
1773 831 1835 863 eo
1862 824 2005 863 statu
2028 834 2079 862 20

158 902 374 970 eripere,
404 914 534 951 esset
561 898 703 951 haud
731 898 892 950 dubie
919 912 1147 949 mortem
1175 897 1312 949 dare.

227 987 417 1056 Itaque
465 985 597 1037 nihil
645 985 1090 1055 obtemperatum.
1176 985 1317 1036 Nam
1365 985 1437 1036 sic
1486 985 1676 1036 amicos
1726 984 1886 1048 oravi,
1935 984 2006 1035 sic

157 1073 364 1126 famulis
407 1072 669 1137 mandavi,
714 1091 780 1141 ne
822 1071 952 1142 quid
998 1071 1143 1140 quod
1188 1090 1217 1123 a
1263 1070 1477 1122 medicis
1524 1071 1729 1123 dictum
1773 1071 1841 1130 sit
1878 1088 2019 1133 meo·

150 1178 434 1230 unquam
442 1159 535 1225 fiat
582 1160 638 1221 in
687 1177 941 1228 corpore.
1010 1157 1197 1227 Siquid
1246 1158 1457 1226 penitus
1507 1157 1619 1209 fieri
1669 1157 1828 1208 debet
1878 1175 2004 1208 con-

157 1247 378 1299 1131111111
414 1246 522 1297 fiat.
588 1244 814 1296 Proinde
846 1258 1058 1295 noctem
1090 1243 1233 1295 illam
1274 1243 1414 1295 dulci
1447 1263 1505 1295 ac
1537 1243 1805 1313 profundo
1843 1228 2004 1313 placi-
2030 1266 2078 1309 25

157 1322 360 1402 daeque
381 1333 558 1396 morti,
587 1345 647 1383 ut
678 1333 751 1394 ait
777 1331 951 1395 Maro,
972 1329 1238 1382 simillimo
1259 1349 1445 1399 sopore
1472 1331 1712 1398 transegi.
1780 1328 1926 1388 Quid
1952 1343 2006 1380 te

156 1418 326 1472 verbis
353 1437 526 1469 morer
553 1421 570 1470 ?
636 1418 812 1468 Nocte
839 1416 1009 1468 media
1037 1417 1334 1485 periturum
1362 1435 1515 1468 mane
1542 1416 1837 1480 redeuntes,
1866 1417 2007 1467 forte

157 1519 219 1558 ut
245 1505 498 1574 exsequiis
530 1505 857 1568 interessent,
873 1503 1202 1574 §Sfibentem
1234 1504 1569 1576 invenerunt,
1601 1517 1655 1555 et
1682 1503 1900 1555 attoniti
1932 1502 2007 1554 nil

157 1590 299 1643 aliud
331 1590 477 1660 quod
510 1590 748 1642 dicerent
776 1590 1007 1642 habuere
1035 1590 1131 1642 nisi
1156 1590 1428 1642 hominem
1455 1609 1540 1642 me
1567 1609 1671 1642 esse
1694 1589 2003 1642 mirabilem.

102 1664 108 1670 ’
155 1677 379 1729 Totiens
400 1677 457 1728 in
478 1695 563 1727 me
585 1676 794 1746 decepti
816 1690 869 1728 et
892 1675 1018 1728 elusi
1040 1695 1135 1728 nec
1156 1677 1352 1728 iterum
1374 1691 1427 1728 et
1448 1677 1644 1728 iterum
1664 1675 2006 1745 impudenter
2028 1697 2080 1736 30

157 1783 376 1815 asserere
399 1763 663 1828 desinunt,
687 1763 832 1833 quod
853 1764 1115 1832 ignorant,
1140 1783 1235 1815 nec
1258 1763 1503 1833 clypeum
1526 1763 1685 1815 alium
1706 1763 2003 1827 inveniunt,

157 1870 266 1921 quo
301 1851 654 1919 ignorantiam
691 1869 837 1902 suam
876 1864 1074 1919 tegant.
1148 1851 1217 1902 Et
1255 1864 1316 1902 ut
1352 1851 1450 1902 sim
1487 1852 1702 1904 fortasse
1738 1848 2003 1915 mirabilis,

157 1951 359 2007 quanto
378 1938 475 2006 ipsi
497 1937 853 2002 mirabiliores,
876 1955 997 1989 nam
1018 1938 1110 2006 qui
1128 1936 1226 1988 illis
1248 1937 1473 1989 credunt
1494 1957 1603 1989 non
1620 1937 1725 1988 iam
1746 1935 2004 1988 mirabiles

155 2024 246 2076 sed
272 2024 521 2094 stupendi
548 2038 688 2077 sunt.
744 2024 856 2106 Hic
886 2043 1009 2107 ergo
1036 2043 1168 2089 sum,
1199 2025 1278 2076 vir
1303 2024 1517 2094 inclyte,
1546 2025 1616 2076 sic
1646 2043 1761 2075 mea
1790 2042 1875 2074 me
1900 2042 2005 2075 sors

158 2125 327 2165 versat
365 2125 419 2163 et
458 2126 700 2176 reversat,
741 2099 818 2163 et
833 2102 1161 2181 quamquam
1193 2130 1343 2163 sanus
1382 2111 1563 2163 videor
1602 2128 2003 2180 nonnunquam,
2027 2133 2076 2175 35

156 2216 362 2268 semper
393 2212 570 2250 tamen
601 2212 661 2250 ut
693 2198 918 2250 arbitror
948 2217 1098 2266 aeger
1125 2216 1259 2249 311111.
1325 2197 1577 2267 Alioquin
1608 2197 1750 2248 unde
1780 2210 1863 2248 tot
1895 2210 2005 2248 tam

159 2285 370 2355 rapidae
398 2285 566 2337 febres
597 2299 936 2355 erumperent
965 2285 1294 2354 vicissimque
1323 2284 1718 2354 repullularent,
1747 2283 1838 2336 sed
1867 2303 2004 2348 6666,

158 2386 219 2423 111
252 2385 343 2423 3111
377 2386 534 2423 110616
563 2371 650 2424 1113
683 2372 855 2424 media
886 2371 1145 2436 obiissem‚
1169 2386 1260 2423 aut
1295 2372 1514 2423 instanti
1546 2371 1750 2435 obeam,
1778 2370 1908 2441 quid
1940 2370 2006 2423 ad

159 2477 244 2510 me
272 2462 289 2511 ?
356 2458 442 2509 Ad
468 2458 568 2510 hoc
597 2459 756 2511 ibam.
822 2460 890 2511 Et
921 2458 1051 2528 quid
1080 2473 1235 2510 nocet
1266 2477 1388 2510 mox
1417 2476 1657 2510 casurum
1685 2457 1886 2523 cadere,
1915 2477 2005 2510 seu

159 2544 290 2614 quid
316 2544 530 2614 prodest
556 2564 764 2614 surgere
788 2545 928 2598 illico
955 2547 1222 2598 ruiturum
1250 2550 1267 2598 ?
2026 2572 2079 2608 40

229 2630 457 2690 Quando
489 2645 668 2683 tamen
697 2651 1008 2700 generosum
1039 2633 1275 2684 animum
1307 2646 1463 2684 tuum
1493 2632 1621 2684 haec
1653 2645 1763 2684 tarn
1794 2631 2004 2684 humilis

160 2737 283 2769 cura
318 2718 598 2786 contingit,
635 2732 697 2770 ut
732 2719 860 2770 scire
895 2719 1070 2789 cupias
1106 2717 1332 2789 qualiter
1367 2719 1496 2771 mihi
1531 2719 1616 2784 sit,
1652 2720 1784 2771 scito
1820 2737 1905 2770 me
1942 2718 2007 2770 de

159 2818 303 2858 statu
321 2806 423 2856 mei
442 2805 670 2874 corporis
692 2824 899 2875 prorsus
922 2806 1204 2871 incertum,
1224 2824 1396 2876 neque
1416 2824 1500 2857 me
1521 2805 1690 2858 solum
1713 2805 1803 2857 sed
1826 2824 2005 2857 omnes

160 2891 485 2960 quicumque
525 2890 609 2942 hic
644 2891 865 2943 vivimus
908 2890 1168 2957 mortales,
1205 2911 1267 2943 eo
1311 2911 1396 2944 me
1438 2906 1618 2944 tamen
1650 2893 2005 2957 incertiorem,

160 2997 269 3047 quo
298 2977 546 3030 visibilius
579 2978 819 3048 quotidie
848 2978 958 3048 ipsa
988 2997 1110 3031 cum
1142 2993 1314 3031 morte
1345 2978 1588 3049 conflig0,
1621 2998 1755 3050 quae
1784 2980 1891 3032 sive
1922 2997 2006 3031 me
2024 3000 2074 3042 45

160 3065 438 3116 confestim
468 3065 798 3136 oppresserit,
830 3079 891 3117 ut
920 3065 1025 3117 iam
1056 3079 1243 3135 quater
1270 3066 1410 3119 inter
1440 3067 1592 3118 unius
1623 3067 1746 3118 anni
1774 3066 2004 3136 spatium

161 3151 358 3202 minata
395 3165 488 3216 est,
526 3151 631 3203 sive
669 3150 923 3203 diuticule
960 3150 1239 3218 distulerit,
1277 3153 1607 3222 diu-“nempe
1633 3172 1740 3217 non
1766 3151 2004 3220 differet.

160 3237 373 3290 Christo
390 3237 508 3289 Deo
526 3257 643 3290 meo
662 3256 825 3308 aeque
842 3237 907 3289 de
928 3238 1170 3291 omnibus
1193 3241 1381 3308 gratias
1403 3259 1516 3308 ago,
1541 3241 1658 3310 Ipse
1675 3240 1815 3291 enim
1837 3240 2006 3305 novit,
