2242 3600
495 162 1042 216 PANDVLPHo
1101 119 1695 217 MALATESTAE
1922 184 2010 237 191

169 309 276 343 non
303 290 510 356 dubito,
539 292 861 362 cupideque3
903 307 1064 364 atque
1094 293 1266 363 aliqua
1291 294 1374 346 vel
1400 307 1634 346 extrema
1660 293 2011 347 bibliothecae
2034 319 2084 359 25

169 392 292 430 tuae
350 392 500 447 parte
560 378 855 447 dignabere.
952 378 1131 433 Multa
1190 380 1265 432 ibi
1324 382 1608 450 comperies
1670 382 2012 434 excusationis

167 465 390 532 egentia,
429 465 519 517 sed
558 465 769 534 benigni
807 465 1027 517 censoris
1064 466 1320 519 iudicium
1357 468 1624 520 subiturae
1662 469 1868 520 veniam
1908 487 2015 520 non

169 551 462 621 desperant.
556 552 699 604 Ante
755 554 931 604 omnia
989 553 1226 622 opusculi
1284 555 1594 606 varietatem
1651 573 1808 623 vagus
1866 555 2014 606 furor

167 639 477 703 amantium,
514 638 579 690 de
617 657 725 708 quo
762 639 943 690 statim
976 639 1032 690 in
1065 639 1326 709 principio
1359 641 1548 708 agitur,
1585 640 1874 692 ruditatem
1906 641 2013 693 stili

166 739 303 777 aetas
349 739 576 789 excuset,
624 743 744 776 nam
790 743 924 794 quae
972 725 1108 794 leges
1161 745 1349 794 magna
1401 747 1462 778 ex
1514 741 1666 796 parte
1719 726 2011 779 adolescens
2032 749 2084 787 30

163 812 357 882 scripsi.
431 810 484 863 Si
521 812 782 862 excusatio
816 812 914 863 ista
950 831 1057 864 non
1090 811 1299 877 sufficit,
1339 827 1547 865 excuset
1585 812 1706 865 tuae
1741 813 2012 883 petitionis

163 898 463 962 auctoritas,
505 898 589 949 cui
630 916 817 966 negare
858 897 931 949 nil
970 898 1133 951 valeo.
1211 899 1434 963 Invitus,
1475 901 1661 964 fateor,
1703 900 1799 951 hac
1840 887 2024 969 aetate·

88 972 93 977 ι
162 985 394 1054 vulgares
428 983 675 1037 iuveniles
709 984 931 1053 ineptias
966 1004 1141 1050 cerno,
1176 1004 1302 1055 quas
1336 986 1598 1050 omnibus,
1635 986 1764 1037 mihi
1797 1005 2013 1056 quoque

161 1073 202 1124 si
240 1071 413 1136 liceat,
456 1071 658 1139 ignotas
699 1070 874 1123 velim.
961 1073 1073 1124 Etsi
1114 1073 1255 1124 enim
1294 1072 1416 1124 stilo
1457 1073 1697 1142 quolibet
1738 1074 2011 1142 ingenium

159 1158 294 1209 illius
335 1158 517 1209 aetatis
558 1157 804 1222 emineat,
843 1158 952 1227 ipsa
994 1173 1171 1210 tamen
1210 1178 1286 1210 res
1325 1158 1540 1210 senilem
1582 1158 1802 1211 dedecet
1839 1161 2008 1228 gravi·
2030 1181 2082 1223 35

156 1332 515 1401 legunturque
539 1330 787 1382 libentius
811 1324 970 1401 quam
992 1327 1127 1402 quae
1145 1334 1278 1384 serio
1297 1332 1642 1401 postmodum
1669 1332 2006 1385 validioribus

159 1419 342 1470 animis
365 1418 558 1488 scripsi.
619 1417 905 1476 Quomodo
927 1420 1090 1487 igitur
1113 1437 1356 1487 negarem
1382 1418 1480 1470 tibi
1502 1419 1573 1470 sic
1599 1418 1664 1470 de
1688 1438 1773 1470 me
1797 1420 2006 1484 merito,

160 1504 252 1556 tali
272 1505 385 1557 viro
407 1519 622 1574 tamque
643 1505 793 1557 anxie
812 1504 1092 1573 flagitanti,
1111 1524 1245 1575 quae
1266 1523 1351 1556 me
1371 1505 1542 1557 invito
1562 1505 1746 1574 vulgus
1768 1506 1928 1558 habet
1952 1521 2005 1558 et

154 1591 348 1643 lacerat
377 1595 394 1644 ?
459 1591 877 1662 Qualiacumque
902 1582 1025 1656 sint,
1052 1593 1215 1660 igitur
1241 1611 1349 1643 non
1379 1591 1537 1643 habes
1574 1592 1721 1661 quod
1756 1594 2003 1662 querari8‚
2028 1621 2080 1656 40

100 1663 106 1668 '
157 1679 313 1730 habes
365 1680 563 1731 etenim
613 1679 759 1749 quod
809 1680 1006 1748 petisti.
1094 1678 1219 1730 ‘Tu
1272 1678 1433 1730 modo
1484 1692 1539 1730 te
1587 1679 1803 1743 iussisse,
1855 1694 2007 1749 pater

157 1766 410 1830 Romane,
437 1780 707 1818 memento
734 1767 905 1835 Inque
930 1766 1055 1816 meis
1082 1765 1245 1834 culpis
1273 1779 1332 1816 tu
1360 1765 1457 1816 tibi
1485 1765 1549 1817 da
1574 1766 1817 1830 veniam,’
1845 1780 1906 1818 ut
1933 1768 2007 1819 ait

156 1853 413 1904 Ausonius
459 1853 687 1922 Magnus
733 1853 799 1904 ad
842 1852 1205 1903 Theodosium
1249 1851 1567 1920 Augustum.
1649 1852 1734 1903 Ad
1778 1853 1904 1904 haec
1950 1867 2004 1904 et

154 1939 382 2009 plebeios
425 1953 585 2009 atque
625 1940 922 2009 incomptos
953 1932 1490 2009 *apiceslscriptorum
1531 1939 1710 1989 raritas
1752 1938 2003 2003 absolvat,
2050 1959 2070 1977 κ’

154 2027 247 2096 qui
273 2027 397 2089 huic
423 2028 624 2078 famoso
650 2026 921 2096 quondam
951 2025 1141 2091 Studio
1169 2026 1363 2077 mirum
1392 2025 1540 2077 dictu
1567 2026 1677 2076 fere
1704 2025 1833 2076 nulli
1861 2040 2002 2090 sunt,
2025 2044 2074 2085 45

146 2113 462 2166 'tarditatem
505 2133 630 2166 vero
671 2114 943 2165 scribentis
987 2113 1175 2164 inertia
1220 2126 1272 2164 et
1319 2112 1577 2175 bellorum
1621 2112 1810 2181 fragor.
1892 2112 2002 2164 Diu

153 2214 278 2252 ante
305 2202 552 2252 missurus
584 2201 711 2252 haec
746 2202 969 2263 fueram,
999 2200 1097 2251 nisi
1126 2201 1272 2252 Mars
1309 2200 1702 2250 circumtonans
1730 2200 1999 2251 vetuisset.

154 2279 600 2338 Incorrectionem
627 2287 813 2356 operis,
841 2287 882 2338 si
909 2305 1014 2355 qua
1039 2299 1298 2350 occurret,
1327 2303 1441 2337 mea
1467 2298 1677 2336 excuset
1704 2286 2001 2354 occupatio,

151 2393 257 2444 qua
286 2372 513 2425 obsessus
552 2374 652 2424 feci
689 2373 815 2425 haec
854 2393 947 2443 per
986 2371 1106 2424 alios
1140 2371 1378 2424 revideri.
1446 2372 1695 2442 Denique
1732 2372 2001 2424 exterioris

149 2459 359 2513 habitus
393 2473 762 2530 paupertatem
797 2479 911 2512 mea
944 2473 1153 2511 excuset
1188 2459 1456 2523 absentia3
1510 2461 1752 2528 profecto
1786 2459 1927 2510 enim
1959 2460 2001 2511 si
2023 2482 2073 2523 50

147 2548 360 2598 fuissem
399 2565 653 2615 praesenS,
694 2547 824 2598 dum
861 2547 916 2598 in
954 2546 1074 2597 libri
1113 2547 1339 2597 formam
1375 2545 1644 2613 ligaretur,
1685 2559 1738 2597 et
1775 2546 2001 2598 sericum

145 2647 361 2702 tegmen
404 2646 458 2684 et
503 2632 685 2684 fibulas
729 2632 913 2684 saltem
958 2645 1223 2700 argenteas
1267 2631 1546 2705 habuisset.

216 2719 397 2771 Multa
430 2738 570 2770 nunc
604 2719 669 2770 de
701 2733 792 2771 tua
823 2720 966 2788 gravi
999 2718 1343 2788 aegritudine,
1376 2737 1512 2788 quae
1543 2736 1629 2770 me
1659 2718 2000 2771 vehementer

147 2806 404 2858 exterruit
447 2819 500 2856 et
543 2805 747 2869 afflixit,
792 2806 961 2857 multa
1001 2823 1216 2874 quoque
1259 2804 1324 2856 de
1366 2818 1583 2856 tuorum
1625 2804 1823 2856 casibus
1867 2806 1997 2857 mihi

146 2909 243 2959 pro
288 2889 427 2942 virili
462 2903 613 2958 parte
647 2888 907 2941 flebilibus
944 2889 1066 2940 stilo
1101 2907 1206 2940 sese
1241 2889 1492 2954 offerunt,
1529 2907 1665 2958 quae
1698 2889 1803 2940 iam
1839 2889 1998 2941 fessus
2019 2914 2068 2956 55

146 2976 371 3028 calamus
404 2989 622 3028 recusat.
693 2976 834 3027 Nolo
866 2974 1083 3045 quidem
1115 2989 1268 3045 putes
1298 2976 1443 3027 illam
1476 2994 1561 3027 me
1593 2976 1843 3045 epistolae
1876 2990 1998 3028 tuae

144 3077 352 3132 partem
390 3063 500 3114 sine
548 3062 785 3132 suspiri0,
827 3081 893 3113 ne
943 3061 1115 3113 dicam
1164 3061 1404 3126 lacrimiS,
1444 3062 1639 3130 legisse,
1681 3081 1817 3132 quae
1866 3063 1997 3114 mihi

145 3163 411 3201 aeternam
449 3147 754 3200 venerabilis
781 3167 849 3200 ac
884 3148 1176 3217 praeclarae
1211 3149 1443 3217 coniugis
1481 3149 1744 3218 simulque
1779 3167 1994 3217 magna-

145 3235 275 3287 nimi
326 3237 500 3289 fratris
551 3235 631 3288 tui
684 3234 892 3286 dulcem
948 3233 1295 3306 acerbamque
1345 3236 1653 3287 memoriam
1705 3236 1994 3292 renovavit.
