2242 3600
841 211 1200 266 CAROLO
1250 211 1340 264 IV
1942 225 2003 279 75

162 354 225 394 ut
260 340 425 406 aiunt,
462 340 705 394 omnibus
739 341 965 412 imperat
998 340 1246 410 imperiiS,
1283 359 1379 392 nec
1416 339 1661 393 dubitans
1695 358 1759 391 ex
1794 337 2008 391 adverso

162 447 254 497 per
294 441 348 480 te
387 441 648 498 tuumque
679 427 1101 481 consilium.fieri
1139 427 1315 479 omnia
1354 446 1488 498 quae
1525 426 1758 478 humano
1794 424 2008 476 consilio

162 513 274 565 fieri
311 527 539 583 possent,
575 527 630 565 et
669 513 829 566 oculis
869 514 970 566 tuis
1010 527 1064 565 et
1101 513 1224 565 huic
1263 512 1462 565 calamo
1499 511 1777 582 plusquam
1815 528 2008 562 annuas

161 600 391 652 indutias
421 600 560 665 dedi,
592 619 913 670 quamquam
942 619 1050 652 non
1076 600 1186 651 sine
1215 612 1448 652 maerore
1477 598 1637 651 animi
1667 612 1875 669 tempus
1903 595 2027 668 labi„

163 705 447 752 cernerem,
496 700 551 739 et
599 685 1039 756 tranquillitatem
1087 685 1379 738 multorum
1427 670 2009 757 interimfpopulorum
2035 704 2082 735 ιο

161 773 475 843 prolatando
496 787 587 826 aut
608 773 1039 843 procrastinando
1060 772 1274 825 differri.
1338 771 1440 823 Sed
1463 759 1838 824 difficultatum
1860 769 2011 822 obice

161 859 570 929 impossibilitati
599 860 857 930 proximo,
890 873 951 912 ut
983 859 1108 924 dixi,
1141 858 1447 911 tarditatem
1477 857 1802 910 excusabam.

231 947 390 998 Nunc
431 945 646 998 tandem
686 960 1030 1016 praeparante
1070 945 1246 998 divina
1284 945 1617 1015 providentia
1655 945 1759 997 vias
1802 958 1916 996 tuas
1956 957 2010 995 et

162 1032 326 1085 fidelis
367 1033 551 1103 populi
590 1032 813 1085 salutem
855 1032 1260 1085 misericorditer
1301 1031 1597 1097 ordinante,
1624 1033 1700 1084 ita
1733 1030 2009 1101 dispositus

162 1132 239 1170 est
279 1118 461 1170 Italiae
502 1132 623 1171 tuae
661 1132 844 1184 statuS,
886 1118 1121 1189 adeoque
1159 1120 1360 1170 fervens
1401 1118 1738 1188 exspectatio,
1780 1131 1840 1169 ut
1880 1115 2008 1168 dila·
2034 1132 2080 1176 15

163 1205 363 1257 tionem
416 1206 598 1276 ipsam,
653 1225 787 1276 quae
839 1206 1070 1275 gloriosis
1123 1204 1420 1275 primordiis
1475 1205 1782 1268 intercessit,
1837 1203 2009 1256 eidem

161 1292 524 1362 providentiae
574 1292 862 1344 adscribam
912 1293 1088 1362 potius
1137 1311 1297 1362 quam
1346 1294 1607 1357 fortunae,
1658 1286 1766 1361 quo
1814 1289 2010 1342 scilicet

115 1434 121 1439 ,
159 1379 476 1431 immensum
511 1379 890 1450 exoptatissimi
926 1379 1174 1449 principis
1210 1397 1356 1430 mora
1392 1378 1558 1430 brevis
1596 1376 1835 1429 ardorem
1871 1376 2008 1446 pub-

160 1465 323 1518 licum
362 1467 631 1518 excitaret.
709 1467 822 1518 Iam
862 1486 987 1518 vero
1028 1465 1288 1518 bonorum
1329 1465 1526 1517 animos
1569 1464 1748 1516 ardere
1788 1463 2008 1533 amplius

160 1571 267 1604 non
307 1572 453 1623 posse
490 1552 589 1605 tibi
624 1552 928 1623 persuadeas
964 1552 1152 1617 velim3
1193 1551 1591 1622 verendumque
1622 1571 1705 1616 ne,
1734 1549 1880 1621 quod
1915 1570 2006 1602 na-
2032 1572 2081 1599 20

161 1653 280 1692 tura
312 1659 487 1692 rerum
519 1642 641 1705 fert,
665 1639 911 1691 incendio
944 1639 1132 1691 sensim
1166 1652 1319 1709 tepor
1355 1638 1594 1709 obrepat,
1621 1638 1717 1690 nisi
1751 1637 2007 1707 generosis

159 1725 399 1791 flammis,
427 1745 552 1796 quas
580 1740 735 1779 tuum
762 1745 955 1778 nomen
982 1725 1239 1791 accendit,
1266 1725 1587 1796 praesentiae
1614 1739 1735 1777 tuae
1762 1724 2010 1776 alimenta

159 1813 473 1883 praebueris.
555 1813 695 1865 Cum
734 1814 931 1883 itaque,
971 1813 1116 1883 quod
1160 1813 1425 1865 neminem
1471 1813 1688 1865 omnino
1735 1826 1788 1864 te
1826 1811 2009 1863 melius

160 1919 306 1952 nosse
345 1920 477 1965 reor,
518 1920 580 1952 eo
620 1919 696 1952 res
736 1900 993 1970 perducta
1030 1901 1098 1952 sit
1137 1914 1199 1952 ut
1239 1919 1410 1971 neque
1450 1900 1684 1951 maiestas
1727 1913 1835 1964 tua,
1875 1898 2011 1951 salva

159 1987 338 2056 gloria,
363 1987 674 2040 Caesareum
698 1988 908 2039 differre
930 1988 1091 2058 possit
1114 1987 1420 2052 adventum,
1445 2006 1616 2057 neque
1639 2005 1754 2038 mea
1777 1986 2009 2051 devotio,
2032 2009 2080 2049 ²5

158 2073 329 2126 illaesa
371 2074 492 2139 fide,
536 2088 787 2144 coeptum
831 2074 1028 2127 diutius
1073 2087 1251 2126 tenere
1291 2074 1596 2138 silentium3
1659 2073 1848 2143 loquor
1890 2092 2010 2124 ecce

159 2159 354 2212 iterum
405 2160 471 2212 ad
521 2161 796 2213 dominum
847 2180 1043 2226 meum,
1094 2175 1166 2226 et,
1218 2161 1314 2212 nisi
1363 2161 1528 2231 piget,
1579 2159 1645 2211 ad
1694 2173 2009 2211 cunctorum

162 2246 438 2300 dominum
476 2247 682 2318 loquor,
713 2247 1052 2318 simplicitate
1082 2247 1431 2318 quantalibet,
1463 2246 1554 2299 sed
1584 2246 1688 2298 fide
1719 2246 2007 2316 purissima.

159 2334 229 2385 Et
263 2333 452 2405 loquor
488 2354 595 2388 non
631 2335 754 2387 novi
790 2333 1006 2405 aliquid,
1043 2333 1134 2386 sed
1169 2333 1314 2404 quod
1350 2334 1680 2386 notissimum
1718 2332 1818 2385 tibi
1854 2346 1908 2385 et
1945 2332 2009 2384 ab

159 2421 404 2474 omnibus
437 2422 611 2474 amicis
646 2422 862 2492 Imperii
896 2421 1120 2473 Romani
1151 2421 1234 2474 vel
1266 2420 1566 2477 consultum
1598 2421 1661 2473 iri
1692 2421 1813 2472 sci0.
1884 2421 2008 2472 Non
2031 2439 2082 2480 30

160 2508 301 2559 enim
329 2507 385 2559 id
414 2528 510 2578 ago
538 2522 600 2561 ut
630 2508 863 2573 doceam,
891 2508 983 2559 sed
1011 2521 1072 2560 ut
1101 2526 1216 2559 mea
1244 2507 1370 2560 fides
1398 2527 1492 2560 suo
1520 2510 1772 2577 fungatur
1799 2505 2008 2569 offici03

159 2594 386 2665 ideoque
419 2614 529 2648 rem
564 2615 671 2648 non
706 2596 848 2647 nitor
882 2594 1134 2647 adornare
1167 2594 1444 2661 coloribus,
1478 2596 1639 2647 sciens
1674 2608 1736 2647 ut
1770 2593 2010 2646 coloratis

160 2681 401 2752 fictisque
467 2682 817 2747 mendacium,
872 2683 942 2734 sic
995 2682 1273 2735 veritatem
1327 2683 1517 2753 apertis
1579 2701 1637 2734 ac
1689 2680 2009 2751 simplicibus

161 2754 456 2817 delectaris
507 2765 827 2837 Simpliciter
867 2765 1029 2835 igitur
1073 2778 1127 2817 et
1172 2779 1353 2836 aperte
1395 2785 1493 2836 pro
1536 2766 1738 2818 honore
1774 2764 2009 2835 Imperii,

159 2870 257 2921 pro
281 2851 447 2904 salute
473 2852 672 2918 Italiae,
699 2872 796 2923 pro
821 2851 1176 2904 consolatione
1201 2852 1342 2904 urbis
1369 2853 1584 2918 Romae,
1612 2851 2011 2904 desolatissimae
2031 2871 2081 2912 35

159 2956 375 3008 sponsae
398 2952 536 3004 tuae,
559 2958 656 3009 pro
678 2940 966 2992 amicorum
987 2938 1181 3004 studi0‚
1203 2959 1301 3010 pro
1322 2939 1681 2992 subiectorum
1703 2938 2011 3004 commodis,

159 3044 257 3095 pro
282 3026 461 3096 quiete
484 3025 841 3079 laborantium
867 3025 1307 3092 Christianorum,
1333 3045 1431 3096 pro
1456 3025 1773 3079 maturando
1798 3026 2011 3095 negotio

160 3111 356 3165 Terrae
398 3112 635 3179 Sanctae,
678 3132 774 3183 pro
816 3111 1155 3183 adipiscendo
1195 3112 1250 3164 in
1292 3113 1440 3165 terris
1482 3113 1912 3184 praeclarissimae
1953 3132 2010 3164 ac
2083 3103 2094 3110 ⁹

160 3198 468 3252 immortalis
499 3201 668 3252 famae
702 3200 997 3270 praeconiO,
1025 3218 1122 3269 pro
1147 3213 1357 3252 aeterna
1383 3199 1669 3253 beatudine
1703 3213 1823 3270 post
1858 3199 2010 3252 huius

161 3287 514 3354 fugacissimae
550 3287 688 3340 vitae
725 3287 948 3339 miserias
986 3286 1349 3357 promerenda,
1388 3307 1497 3353 oro,
1535 3306 1736 3357 precor,
1775 3286 2009 3352 obsecro,
2032 3307 2082 3344 40
