<?xml version="1.0" encoding="UTF-8"?>
<!DOCTYPE html PUBLIC "-//W3C//DTD XHTML 1.0 Transitional//EN"
    "http://www.w3.org/TR/xhtml1/DTD/xhtml1-transitional.dtd">
<html xmlns="http://www.w3.org/1999/xhtml" xml:lang="en" lang="en">
 <head>
  <title>
</title>
<meta http-equiv="Content-Type" content="text/html;charset=utf-8" />
  <meta name='ocr-system' content='tesseract 3.04.00' />
  <meta name='ocr-capabilities' content='ocr_page ocr_carea ocr_par ocr_line ocrx_word'/>
</head>
<body>
  <div class='ocr_page' id='page_1' title='image "./epistolaeselecta00petruoft_0180.png"; bbox 0 0 2242 3600; ppageno 0'>
   <div class='ocr_carea' id='block_1_1' title="bbox 294 201 1445 274">
    <p class='ocr_par' dir='ltr' id='par_1_1' title="bbox 294 201 1445 274">
     <span class='ocr_line' id='line_1_1' title="bbox 294 201 1445 274; baseline -0.001 -18"><span class='ocrx_word' id='word_1_1' title='bbox 294 207 391 274; x_wconf 88' lang='lat'><strong>164</strong></span> <span class='ocrx_word' id='word_1_2' title='bbox 984 201 1342 254; x_wconf 83' lang='lat' dir='ltr'><strong>VRBANo</strong></span> <span class='ocrx_word' id='word_1_3' title='bbox 1397 202 1445 255; x_wconf 85' lang='lat' dir='ltr'>v</span> 
     </span>
    </p>
   </div>
   <div class='ocr_carea' id='block_1_2' title="bbox 286 330 2127 403">
    <p class='ocr_par' dir='ltr' id='par_1_2' title="bbox 286 330 2127 403">
     <span class='ocr_line' id='line_1_2' title="bbox 286 330 2127 403; baseline 0.001 -19"><span class='ocrx_word' id='word_1_4' title='bbox 286 351 345 384; x_wconf 90' lang='lat' dir='ltr'><strong>on</strong></span> <span class='ocrx_word' id='word_1_5' title='bbox 381 332 460 384; x_wconf 86' lang='lat' dir='ltr'><strong>the</strong></span> <span class='ocrx_word' id='word_1_6' title='bbox 492 332 675 384; x_wconf 88' lang='lat' dir='ltr'><em>Rhone.</em></span> <span class='ocrx_word' id='word_1_7' title='bbox 749 330 853 383; x_wconf 71' lang='lat' dir='ltr'><strong>The</strong></span> <span class='ocrx_word' id='word_1_8' title='bbox 886 330 1016 400; x_wconf 89' lang='lat' dir='ltr'><em>Pope</em></span> <span class='ocrx_word' id='word_1_9' title='bbox 1049 331 1139 382; x_wconf 86' lang='lat' dir='ltr'><strong>has</strong></span> <span class='ocrx_word' id='word_1_10' title='bbox 1171 330 1285 382; x_wconf 87' lang='lat' dir='ltr'><em>been</em></span> <span class='ocrx_word' id='word_1_11' title='bbox 1317 330 1499 382; x_wconf 77' lang='lat' dir='ltr'><em>ele‘cted</em></span> <span class='ocrx_word' id='word_1_12' title='bbox 1531 331 1592 401; x_wconf 76' lang='lat' dir='ltr'><strong>by</strong></span> <span class='ocrx_word' id='word_1_13' title='bbox 1628 331 1739 383; x_wconf 89' lang='lat' dir='ltr'><strong>God</strong></span> <span class='ocrx_word' id='word_1_14' title='bbox 1753 331 1845 402; x_wconf 85' lang='lat' dir='ltr'><strong>for</strong></span> <span class='ocrx_word' id='word_1_15' title='bbox 1878 332 1978 386; x_wconf 84' lang='lat' dir='ltr'><em>this</em></span> <span class='ocrx_word' id='word_1_16' title='bbox 2008 351 2127 403; x_wconf 74' lang='lat' dir='ltr'><strong>very</strong></span> 
     </span>
    </p>
   </div>
   <div class='ocr_carea' id='block_1_3' title="bbox 284 416 2139 569">
    <p class='ocr_par' dir='ltr' id='par_1_3' title="bbox 284 416 2139 569">
     <span class='ocr_line' id='line_1_3' title="bbox 284 416 2139 489; baseline 0.001 -19"><span class='ocrx_word' id='word_1_17' title='bbox 284 432 504 488; x_wconf 82' lang='lat' dir='ltr'><em>purpose,</em></span> <span class='ocrx_word' id='word_1_18' title='bbox 540 436 592 468; x_wconf 85' lang='lat' dir='ltr'><strong>or</strong></span> <span class='ocrx_word' id='word_1_19' title='bbox 622 417 732 469; x_wconf 89' lang='lat' dir='ltr'><em>does</em></span> <span class='ocrx_word' id='word_1_20' title='bbox 764 417 823 468; x_wconf 90' lang='lat' dir='ltr'><strong>he</strong></span> <span class='ocrx_word' id='word_1_21' title='bbox 857 416 998 468; x_wconf 84' lang='lat' dir='ltr'><em>think</em></span> <span class='ocrx_word' id='word_1_22' title='bbox 1035 417 1145 468; x_wconf 87' lang='lat' dir='ltr'><em>that</em></span> <span class='ocrx_word' id='word_1_23' title='bbox 1179 417 1258 468; x_wconf 88' lang='lat' dir='ltr'><strong>the</strong></span> <span class='ocrx_word' id='word_1_24' title='bbox 1291 417 1554 469; x_wconf 83' lang='lat' dir='ltr'><em>ambitious</em></span> <span class='ocrx_word' id='word_1_25' title='bbox 1589 417 1860 470; x_wconf 84' lang='lat' dir='ltr'><em>Cardinals</em></span> <span class='ocrx_word' id='word_1_26' title='bbox 1890 419 2050 471; x_wconf 86' lang='lat' dir='ltr'><em>would</em></span> <span class='ocrx_word' id='word_1_27' title='bbox 2081 420 2139 489; x_wconf 88' lang='lat' dir='ltr'><strong>os</strong></span> 
     </span>
     <span class='ocr_line' id='line_1_4' title="bbox 290 499 2130 569; baseline 0 -15"><span class='ocrx_word' id='word_1_28' title='bbox 290 502 419 554; x_wconf 82' lang='lat' dir='ltr'><em>their</em></span> <span class='ocrx_word' id='word_1_29' title='bbox 452 520 555 552; x_wconf 79' lang='lat' dir='ltr'><strong>own</strong></span> <span class='ocrx_word' id='word_1_30' title='bbox 593 499 767 551; x_wconf 85' lang='lat' dir='ltr'><em>accord</em></span> <span class='ocrx_word' id='word_1_31' title='bbox 802 499 929 550; x_wconf 87' lang='lat' dir='ltr'><strong>have</strong></span> <span class='ocrx_word' id='word_1_32' title='bbox 964 499 1147 551; x_wconf 82' lang='lat' dir='ltr'><em>elected</em></span> <span class='ocrx_word' id='word_1_33' title='bbox 1183 519 1214 550; x_wconf 89' lang='lat' dir='ltr'><em>a</em></span> <span class='ocrx_word' id='word_1_34' title='bbox 1251 499 1393 569; x_wconf 76' lang='lat' dir='ltr'><em>lowly</em></span> <span class='ocrx_word' id='word_1_35' title='bbox 1421 499 1563 551; x_wconf 89' lang='lat' dir='ltr'><em>abbot</em></span> <span class='ocrx_word' id='word_1_36' title='bbox 1583 506 1612 554; x_wconf 66' lang='grc' dir='ltr'><strong>,Ρ</strong></span> <span class='ocrx_word' id='word_1_37' title='bbox 1688 500 1841 552; x_wconf 74' lang='lat' dir='ltr'><em>Those</em></span> <span class='ocrx_word' id='word_1_38' title='bbox 1871 501 1975 553; x_wconf 84' lang='lat' dir='ltr'><strong>who</strong></span> <span class='ocrx_word' id='word_1_39' title='bbox 2001 502 2130 560; x_wconf 86' lang='lat' dir='ltr'><em>have</em></span> 
     </span>
    </p>
   </div>
   <div class='ocr_carea' id='block_1_4' title="bbox 195 585 2139 3334">
    <p class='ocr_par' dir='ltr' id='par_1_4' title="bbox 195 585 2131 742">
     <span class='ocr_line' id='line_1_5' title="bbox 195 585 2131 658; baseline -0.001 -17"><span class='ocrx_word' id='word_1_40' title='bbox 195 615 265 653; x_wconf 86' lang='lat'><strong>130</strong></span> <span class='ocrx_word' id='word_1_41' title='bbox 287 587 491 657; x_wconf 85' lang='lat' dir='ltr'><em>opposed</em></span> <span class='ocrx_word' id='word_1_42' title='bbox 518 587 597 638; x_wconf 88' lang='lat' dir='ltr'><strong>the</strong></span> <span class='ocrx_word' id='word_1_43' title='bbox 622 598 792 637; x_wconf 85' lang='lat' dir='ltr'><strong>return</strong></span> <span class='ocrx_word' id='word_1_44' title='bbox 822 598 866 637; x_wconf 90' lang='lat' dir='ltr'><strong>to</strong></span> <span class='ocrx_word' id='word_1_45' title='bbox 893 586 1043 637; x_wconf 89' lang='lat' dir='ltr'><em>Rome</em></span> <span class='ocrx_word' id='word_1_46' title='bbox 1070 585 1197 637; x_wconf 84' lang='lat' dir='ltr'><em>have</em></span> <span class='ocrx_word' id='word_1_47' title='bbox 1224 585 1339 637; x_wconf 86' lang='lat' dir='ltr'><em>been</em></span> <span class='ocrx_word' id='word_1_48' title='bbox 1366 586 1643 654; x_wconf 83' lang='lat' dir='ltr'><em>influenced</em></span> <span class='ocrx_word' id='word_1_49' title='bbox 1668 586 1730 656; x_wconf 77' lang='lat' dir='ltr'><strong>by</strong></span> <span class='ocrx_word' id='word_1_50' title='bbox 1757 587 1927 658; x_wconf 88' lang='lat' dir='ltr'><em>unjust</em></span> <span class='ocrx_word' id='word_1_51' title='bbox 1952 587 2131 640; x_wconf 88' lang='lat' dir='ltr'><strong>hatred</strong></span> 
     </span>
     <span class='ocr_line' id='line_1_6' title="bbox 287 670 959 742; baseline -0.006 -15"><span class='ocrx_word' id='word_1_52' title='bbox 287 674 389 727; x_wconf 87' lang='lat' dir='ltr'><strong>and</strong></span> <span class='ocrx_word' id='word_1_53' title='bbox 414 675 675 742; x_wconf 85' lang='lat' dir='ltr'><em>ignorance</em></span> <span class='ocrx_word' id='word_1_54' title='bbox 700 672 759 741; x_wconf 89' lang='lat' dir='ltr'><strong>of</strong></span> <span class='ocrx_word' id='word_1_55' title='bbox 773 670 959 741; x_wconf 53' lang='lat' dir='ltr'><strong>Italy]</strong></span> 
     </span>
    </p>

    <p class='ocr_par' dir='ltr' id='par_1_5' title="bbox 286 750 2129 1003">
     <span class='ocr_line' id='line_1_7' title="bbox 356 750 2129 830; baseline 0.001 -18"><span class='ocrx_word' id='word_1_56' title='bbox 356 760 474 812; x_wconf 92' lang='lat' dir='ltr'><strong>Hoc</strong></span> <span class='ocrx_word' id='word_1_57' title='bbox 504 761 621 812; x_wconf 91' lang='lat' dir='ltr'><strong>loco</strong></span> <span class='ocrx_word' id='word_1_58' title='bbox 651 757 823 828; x_wconf 89' lang='lat' dir='ltr'><strong>aliqua</strong></span> <span class='ocrx_word' id='word_1_59' title='bbox 854 758 983 810; x_wconf 91' lang='lat' dir='ltr'><strong>mihi</strong></span> <span class='ocrx_word' id='word_1_60' title='bbox 1014 757 1081 810; x_wconf 90' lang='lat' dir='ltr'><strong>ad</strong></span> <span class='ocrx_word' id='word_1_61' title='bbox 1111 750 1421 810; x_wconf 51' lang='lat' dir='ltr'><strong>memoriam¹</strong></span> <span class='ocrx_word' id='word_1_62' title='bbox 1449 758 1691 824; x_wconf 90' lang='lat' dir='ltr'><strong>redeunt,</strong></span> <span class='ocrx_word' id='word_1_63' title='bbox 1723 778 1882 829; x_wconf 87' lang='lat' dir='ltr'><strong>parva</strong></span> <span class='ocrx_word' id='word_1_64' title='bbox 1912 758 2129 830; x_wconf 88' lang='lat' dir='ltr'><strong>quidem</strong></span> 
     </span>
     <span class='ocr_line' id='line_1_8' title="bbox 286 843 2129 915; baseline 0 -16"><span class='ocrx_word' id='word_1_65' title='bbox 286 848 342 899; x_wconf 87' lang='lat' dir='ltr'><strong>in</strong></span> <span class='ocrx_word' id='word_1_66' title='bbox 375 865 445 911; x_wconf 92' lang='lat' dir='ltr'><strong>se,</strong></span> <span class='ocrx_word' id='word_1_67' title='bbox 480 844 571 897; x_wconf 92' lang='lat' dir='ltr'><strong>sed</strong></span> <span class='ocrx_word' id='word_1_68' title='bbox 605 844 671 904; x_wconf 83' lang='lat' dir='ltr'><strong>ad</strong></span> <span class='ocrx_word' id='word_1_69' title='bbox 705 843 1039 915; x_wconf 89' lang='lat' dir='ltr'><strong>probandum</strong></span> <span class='ocrx_word' id='word_1_70' title='bbox 1074 844 1220 914; x_wconf 92' lang='lat' dir='ltr'><strong>quod</strong></span> <span class='ocrx_word' id='word_1_71' title='bbox 1253 844 1441 915; x_wconf 90' lang='lat' dir='ltr'><strong>loquor</strong></span> <span class='ocrx_word' id='word_1_72' title='bbox 1477 864 1584 898; x_wconf 92' lang='lat' dir='ltr'><strong>non</strong></span> <span class='ocrx_word' id='word_1_73' title='bbox 1617 845 1916 899; x_wconf 89' lang='lat' dir='ltr'><strong>inefficacia.</strong></span> <span class='ocrx_word' id='word_1_74' title='bbox 1988 845 2129 899; x_wconf 88' lang='lat' dir='ltr'><strong>Cum</strong></span> 
     </span>
     <span class='ocr_line' id='line_1_9' title="bbox 288 929 2128 1003; baseline 0 -19"><span class='ocrx_word' id='word_1_75' title='bbox 288 934 429 984; x_wconf 91' lang='lat' dir='ltr'><strong>enim</strong></span> <span class='ocrx_word' id='word_1_76' title='bbox 465 930 753 983; x_wconf 89' lang='lat' dir='ltr'><strong>Benedicto</strong></span> <span class='ocrx_word' id='word_1_77' title='bbox 783 930 911 983; x_wconf 91' lang='lat' dir='ltr'><strong>XII.</strong></span> <span class='ocrx_word' id='word_1_78' title='bbox 945 929 1168 983; x_wconf 90' lang='lat' dir='ltr'><strong>Vulsinii</strong></span> <span class='ocrx_word' id='word_1_79' title='bbox 1201 930 1341 983; x_wconf 92' lang='lat' dir='ltr'><strong>lacus</strong></span> <span class='ocrx_word' id='word_1_80' title='bbox 1368 930 1634 1003; x_wconf 55' lang='lat' dir='ltr'><strong>anguillae</strong></span> <span class='ocrx_word' id='word_1_81' title='bbox 1669 932 1830 984; x_wconf 91' lang='lat' dir='ltr'><strong>mirae</strong></span> <span class='ocrx_word' id='word_1_82' title='bbox 1865 933 2128 1000; x_wconf 86' lang='lat' dir='ltr'><strong>magnitu-</strong></span> 
     </span>
    </p>

    <p class='ocr_par' dir='ltr' id='par_1_6' title="bbox 196 1016 2133 1434">
     <span class='ocr_line' id='line_1_10' title="bbox 196 1016 2132 1094; baseline 0 -22"><span class='ocrx_word' id='word_1_83' title='bbox 196 1039 264 1080; x_wconf 77' lang='lat'><strong>¹35</strong></span> <span class='ocrx_word' id='word_1_84' title='bbox 290 1019 420 1071; x_wconf 90' lang='lat' dir='ltr'><strong>dinis</strong></span> <span class='ocrx_word' id='word_1_85' title='bbox 461 1032 515 1070; x_wconf 93' lang='lat' dir='ltr'><strong>et</strong></span> <span class='ocrx_word' id='word_1_86' title='bbox 552 1018 744 1094; x_wconf 71' lang='lat' dir='ltr'><strong>saporis</strong></span> <span class='ocrx_word' id='word_1_87' title='bbox 784 1016 1023 1069; x_wconf 87' lang='lat' dir='ltr'>insolitae</span> <span class='ocrx_word' id='word_1_88' title='bbox 1063 1018 1243 1069; x_wconf 89' lang='lat' dir='ltr'><strong>missae</strong></span> <span class='ocrx_word' id='word_1_89' title='bbox 1281 1032 1468 1083; x_wconf 87' lang='lat' dir='ltr'>essent,</span> <span class='ocrx_word' id='word_1_90' title='bbox 1511 1032 1563 1070; x_wconf 90' lang='lat' dir='ltr'><strong>et</strong></span> <span class='ocrx_word' id='word_1_91' title='bbox 1603 1018 1712 1088; x_wconf 91' lang='lat' dir='ltr'><strong>ipse</strong></span> <span class='ocrx_word' id='word_1_92' title='bbox 1751 1017 2011 1071; x_wconf 89' lang='lat' dir='ltr'><strong>admirans</strong></span> <span class='ocrx_word' id='word_1_93' title='bbox 2050 1038 2132 1072; x_wconf 87' lang='lat' dir='ltr'><strong>eas</strong></span> 
     </span>
     <span class='ocr_line' id='line_1_11' title="bbox 287 1102 2130 1176; baseline 0 -18"><span class='ocrx_word' id='word_1_94' title='bbox 287 1107 426 1158; x_wconf 90' lang='lat' dir='ltr'><strong>inter</strong></span> <span class='ocrx_word' id='word_1_95' title='bbox 456 1103 756 1157; x_wconf 86' lang='lat' dir='ltr'><strong>Cardinales</strong></span> <span class='ocrx_word' id='word_1_96' title='bbox 785 1102 951 1176; x_wconf 62' lang='lat' dir='ltr'><strong>dividi</strong></span> <span class='ocrx_word' id='word_1_97' title='bbox 981 1103 1223 1169; x_wconf 91' lang='lat' dir='ltr'><strong>iussisset,</strong></span> <span class='ocrx_word' id='word_1_98' title='bbox 1255 1105 1437 1173; x_wconf 84' lang='lat' dir='ltr'><strong>exigua</strong></span> <span class='ocrx_word' id='word_1_99' title='bbox 1467 1104 1565 1156; x_wconf 89' lang='lat' dir='ltr'>sibi</span> <span class='ocrx_word' id='word_1_100' title='bbox 1595 1118 1746 1174; x_wconf 90' lang='lat' dir='ltr'><strong>parte</strong></span> <span class='ocrx_word' id='word_1_101' title='bbox 1773 1118 1991 1170; x_wconf 89' lang='lat' dir='ltr'><strong>servata,</strong></span> <span class='ocrx_word' id='word_1_102' title='bbox 2023 1124 2130 1158; x_wconf 90' lang='lat' dir='ltr'><strong>non</strong></span> 
     </span>
     <span class='ocr_line' id='line_1_12' title="bbox 289 1189 2129 1261; baseline 0 -17"><span class='ocrx_word' id='word_1_103' title='bbox 289 1192 466 1244; x_wconf 89' lang='lat' dir='ltr'><strong>multis</strong></span> <span class='ocrx_word' id='word_1_104' title='bbox 492 1205 611 1261; x_wconf 91' lang='lat' dir='ltr'><strong>post</strong></span> <span class='ocrx_word' id='word_1_105' title='bbox 639 1189 838 1254; x_wconf 80' lang='lat' dir='ltr'><strong>diebuS,</strong></span> <span class='ocrx_word' id='word_1_106' title='bbox 867 1189 995 1242; x_wconf 90' lang='lat' dir='ltr'><strong>dum</strong></span> <span class='ocrx_word' id='word_1_107' title='bbox 1022 1189 1087 1242; x_wconf 89' lang='lat' dir='ltr'><strong>ad</strong></span> <span class='ocrx_word' id='word_1_108' title='bbox 1113 1209 1235 1242; x_wconf 91' lang='lat' dir='ltr'><strong>eum</strong></span> <span class='ocrx_word' id='word_1_109' title='bbox 1261 1210 1323 1242; x_wconf 89' lang='lat' dir='ltr'><strong>ex</strong></span> <span class='ocrx_word' id='word_1_110' title='bbox 1349 1210 1495 1242; x_wconf 90' lang='lat' dir='ltr'><strong>more</strong></span> <span class='ocrx_word' id='word_1_111' title='bbox 1519 1191 1899 1257; x_wconf 86' lang='lat' dir='ltr'><strong>convenissent,</strong></span> <span class='ocrx_word' id='word_1_112' title='bbox 1925 1210 2129 1244; x_wconf 89' lang='lat' dir='ltr'><strong>earum-</strong></span> 
     </span>
     <span class='ocr_line' id='line_1_13' title="bbox 290 1277 2128 1347; baseline 0 -17"><span class='ocrx_word' id='word_1_113' title='bbox 290 1279 410 1330; x_wconf 87' lang='lat' dir='ltr'><strong>dem</strong></span> <span class='ocrx_word' id='word_1_114' title='bbox 435 1279 637 1329; x_wconf 88' lang='lat' dir='ltr'><strong>mentio</strong></span> <span class='ocrx_word' id='word_1_115' title='bbox 660 1290 775 1328; x_wconf 90' lang='lat' dir='ltr'><strong>orta</strong></span> <span class='ocrx_word' id='word_1_116' title='bbox 798 1289 859 1328; x_wconf 91' lang='lat' dir='ltr'><strong>ut</strong></span> <span class='ocrx_word' id='word_1_117' title='bbox 884 1290 1012 1341; x_wconf 89' lang='lat' dir='ltr'><strong>erat,</strong></span> <span class='ocrx_word' id='word_1_118' title='bbox 1034 1277 1232 1329; x_wconf 88' lang='lat' dir='ltr'><strong>iocosus</strong></span> <span class='ocrx_word' id='word_1_119' title='bbox 1256 1279 1312 1329; x_wconf 90' lang='lat' dir='ltr'><strong>in</strong></span> <span class='ocrx_word' id='word_1_120' title='bbox 1334 1296 1572 1330; x_wconf 85' lang='lat' dir='ltr'><strong>sermone</strong></span> <span class='ocrx_word' id='word_1_121' title='bbox 1595 1279 1609 1303; x_wconf 89' lang='lat'>‘</span> <span class='ocrx_word' id='word_1_122' title='bbox 1627 1279 1668 1330; x_wconf 90' lang='lat' dir='ltr'><strong>si</strong></span> <span class='ocrx_word' id='word_1_123' title='bbox 1691 1291 2098 1347; x_wconf 88' lang='lat' dir='ltr'><strong>praegustassem</strong></span> <span class='ocrx_word' id='word_1_124' title='bbox 2114 1278 2128 1302; x_wconf 92' lang='lat'>&#39;</span> 
     </span>
     <span class='ocr_line' id='line_1_14' title="bbox 290 1362 2133 1434; baseline 0.002 -19"><span class='ocrx_word' id='word_1_125' title='bbox 290 1364 466 1434; x_wconf 90' lang='lat' dir='ltr'><strong>inquit</strong></span> <span class='ocrx_word' id='word_1_126' title='bbox 514 1364 527 1388; x_wconf 91' lang='lat'>‘</span> <span class='ocrx_word' id='word_1_127' title='bbox 550 1364 914 1432; x_wconf 85' lang='lat' dir='ltr'><strong>scivissemque</strong></span> <span class='ocrx_word' id='word_1_128' title='bbox 959 1362 1134 1432; x_wconf 90' lang='lat' dir='ltr'><strong>quales</strong></span> <span class='ocrx_word' id='word_1_129' title='bbox 1182 1377 1347 1429; x_wconf 90' lang='lat' dir='ltr'><strong>erant,</strong></span> <span class='ocrx_word' id='word_1_130' title='bbox 1396 1383 1503 1416; x_wconf 92' lang='lat' dir='ltr'><strong>non</strong></span> <span class='ocrx_word' id='word_1_131' title='bbox 1551 1365 1758 1418; x_wconf 81' lang='lat' dir='ltr'><strong>fuissem</strong></span> <span class='ocrx_word' id='word_1_132' title='bbox 1807 1378 1916 1416; x_wconf 91' lang='lat' dir='ltr'><strong>tam</strong></span> <span class='ocrx_word' id='word_1_133' title='bbox 1961 1363 2133 1434; x_wconf 87' lang='lat' dir='ltr'><strong>largus</strong></span> 
     </span>
    </p>

    <p class='ocr_par' dir='ltr' id='par_1_7' title="bbox 196 1447 2139 1866">
     <span class='ocr_line' id='line_1_15' title="bbox 196 1447 2136 1522; baseline 0.001 -18"><span class='ocrx_word' id='word_1_134' title='bbox 196 1475 271 1513; x_wconf 82' lang='lat'><strong>140</strong></span> <span class='ocrx_word' id='word_1_135' title='bbox 293 1449 639 1513; x_wconf 84' lang='lat' dir='ltr'><strong>distributor3</strong></span> <span class='ocrx_word' id='word_1_136' title='bbox 695 1448 784 1501; x_wconf 91' lang='lat' dir='ltr'><strong>sed</strong></span> <span class='ocrx_word' id='word_1_137' title='bbox 818 1468 1090 1519; x_wconf 89' lang='lat' dir='ltr'><strong>nunquam</strong></span> <span class='ocrx_word' id='word_1_138' title='bbox 1124 1449 1322 1502; x_wconf 89' lang='lat' dir='ltr'><strong>credidi</strong></span> <span class='ocrx_word' id='word_1_139' title='bbox 1358 1450 1460 1505; x_wconf 91' lang='lat' dir='ltr'><strong>tale</strong></span> <span class='ocrx_word' id='word_1_140' title='bbox 1494 1447 1694 1521; x_wconf 88' lang='lat' dir='ltr'><strong>aliquid</strong></span> <span class='ocrx_word' id='word_1_141' title='bbox 1727 1453 1863 1504; x_wconf 89' lang='lat' dir='ltr'><strong>nasci</strong></span> <span class='ocrx_word' id='word_1_142' title='bbox 1897 1470 2044 1522; x_wconf 88' lang='lat' dir='ltr'><strong>posse</strong></span> <span class='ocrx_word' id='word_1_143' title='bbox 2074 1452 2136 1505; x_wconf 76' lang='lat' dir='ltr'><strong>inv</strong></span> 
     </span>
     <span class='ocr_line' id='line_1_16' title="bbox 293 1534 2132 1610; baseline 0.001 -20"><span class='ocrx_word' id='word_1_144' title='bbox 293 1537 445 1590; x_wconf 89' lang='lat' dir='ltr'><strong>Italia</strong></span> <span class='ocrx_word' id='word_1_145' title='bbox 466 1537 499 1590; x_wconf 76' lang='lat'><strong>³.</strong></span> <span class='ocrx_word' id='word_1_146' title='bbox 575 1536 697 1596; x_wconf 91' lang='lat' dir='ltr'><strong>Quo</strong></span> <span class='ocrx_word' id='word_1_147' title='bbox 742 1534 887 1587; x_wconf 89' lang='lat' dir='ltr'><strong>dicto</strong></span> <span class='ocrx_word' id='word_1_148' title='bbox 922 1536 1143 1589; x_wconf 89' lang='lat' dir='ltr'><strong>Ioannes</strong></span> <span class='ocrx_word' id='word_1_149' title='bbox 1188 1536 1254 1589; x_wconf 93' lang='lat' dir='ltr'><strong>de</strong></span> <span class='ocrx_word' id='word_1_150' title='bbox 1289 1537 1567 1603; x_wconf 88' lang='lat' dir='ltr'>Columna,</span> <span class='ocrx_word' id='word_1_151' title='bbox 1605 1537 1895 1591; x_wconf 88' lang='lat' dir='ltr'><strong>Cardinalis</strong></span> <span class='ocrx_word' id='word_1_152' title='bbox 1927 1557 2132 1610; x_wconf 89' lang='lat' dir='ltr'><strong>semper</strong></span> 
     </span>
     <span class='ocr_line' id='line_1_17' title="bbox 290 1623 2130 1694; baseline 0.001 -19"><span class='ocrx_word' id='word_1_153' title='bbox 290 1624 419 1675; x_wconf 89' lang='lat' dir='ltr'><strong>mihi</strong></span> <span class='ocrx_word' id='word_1_154' title='bbox 466 1623 724 1675; x_wconf 86' lang='lat' dir='ltr'><strong>reverenti</strong></span> <span class='ocrx_word' id='word_1_155' title='bbox 770 1623 988 1692; x_wconf 90' lang='lat' dir='ltr'><strong>suspirio</strong></span> <span class='ocrx_word' id='word_1_156' title='bbox 1035 1623 1419 1689; x_wconf 77' lang='lat' dir='ltr'><strong>memorandUS,</strong></span> <span class='ocrx_word' id='word_1_157' title='bbox 1466 1623 1563 1676; x_wconf 92' lang='lat' dir='ltr'><strong>sub</strong></span> <span class='ocrx_word' id='word_1_158' title='bbox 1610 1643 1718 1694; x_wconf 93' lang='lat' dir='ltr'><strong>quo</strong></span> <span class='ocrx_word' id='word_1_159' title='bbox 1763 1623 1860 1676; x_wconf 88' lang='lat' dir='ltr'><strong>illis</strong></span> <span class='ocrx_word' id='word_1_160' title='bbox 1906 1625 1962 1677; x_wconf 91' lang='lat' dir='ltr'><strong>in</strong></span> <span class='ocrx_word' id='word_1_161' title='bbox 2006 1624 2130 1677; x_wconf 91' lang='lat' dir='ltr'><strong>locis</strong></span> 
     </span>
     <span class='ocr_line' id='line_1_18' title="bbox 290 1709 2139 1782; baseline 0.002 -21"><span class='ocrx_word' id='word_1_162' title='bbox 290 1709 692 1762; x_wconf 87' lang='lat' dir='ltr'><strong>adolescentiam</strong></span> <span class='ocrx_word' id='word_1_163' title='bbox 720 1722 890 1761; x_wconf 91' lang='lat' dir='ltr'><strong>totam</strong></span> <span class='ocrx_word' id='word_1_164' title='bbox 920 1710 1017 1778; x_wconf 89' lang='lat' dir='ltr'><strong>egi,</strong></span> <span class='ocrx_word' id='word_1_165' title='bbox 1045 1710 1199 1764; x_wconf 86' lang='lat' dir='ltr'><strong>vultu</strong></span> <span class='ocrx_word' id='word_1_166' title='bbox 1229 1724 1401 1763; x_wconf 90' lang='lat' dir='ltr'><strong>motus</strong></span> <span class='ocrx_word' id='word_1_167' title='bbox 1433 1725 1594 1782; x_wconf 90' lang='lat' dir='ltr'><strong>atque</strong></span> <span class='ocrx_word' id='word_1_168' title='bbox 1622 1711 1798 1763; x_wconf 92' lang='lat' dir='ltr'><strong>animo</strong></span> <span class='ocrx_word' id='word_1_169' title='bbox 1828 1712 1959 1780; x_wconf 87' lang='lat' dir='ltr'><strong>(erat</strong></span> <span class='ocrx_word' id='word_1_170' title='bbox 1989 1712 2139 1764; x_wconf 89' lang='lat' dir='ltr'><strong>enim-</strong></span> 
     </span>
     <span class='ocr_line' id='line_1_19' title="bbox 289 1792 2131 1866; baseline 0.001 -18"><span class='ocrx_word' id='word_1_171' title='bbox 289 1796 463 1849; x_wconf 92' lang='lat' dir='ltr'><strong>colore</strong></span> <span class='ocrx_word' id='word_1_172' title='bbox 485 1795 670 1848; x_wconf 92' lang='lat' dir='ltr'><strong>nobilis</strong></span> <span class='ocrx_word' id='word_1_173' title='bbox 694 1809 747 1848; x_wconf 92' lang='lat' dir='ltr'><strong>et</strong></span> <span class='ocrx_word' id='word_1_174' title='bbox 770 1796 863 1866; x_wconf 90' lang='lat' dir='ltr'><strong>qui</strong></span> <span class='ocrx_word' id='word_1_175' title='bbox 886 1792 1017 1848; x_wconf 87' lang='lat' dir='ltr'><strong>nihil</strong></span> <span class='ocrx_word' id='word_1_176' title='bbox 1039 1796 1121 1849; x_wconf 90' lang='lat' dir='ltr'><strong>vel</strong></span> <span class='ocrx_word' id='word_1_177' title='bbox 1142 1797 1255 1850; x_wconf 85' lang='lat' dir='ltr'><strong>visu</strong></span> <span class='ocrx_word' id='word_1_178' title='bbox 1278 1797 1539 1850; x_wconf 81' lang='lat' dir='ltr'><strong>faetidum</strong></span> <span class='ocrx_word' id='word_1_179' title='bbox 1560 1796 1644 1850; x_wconf 88' lang='lat' dir='ltr'><strong>vel</strong></span> <span class='ocrx_word' id='word_1_180' title='bbox 1667 1797 1852 1850; x_wconf 89' lang='lat' dir='ltr'><strong>auditu</strong></span> <span class='ocrx_word' id='word_1_181' title='bbox 1875 1797 2131 1851; x_wconf 89' lang='lat' dir='ltr'><strong>absonum</strong></span> 
     </span>
    </p>

    <p class='ocr_par' dir='ltr' id='par_1_8' title="bbox 197 1880 2133 2212">
     <span class='ocr_line' id='line_1_20' title="bbox 197 1880 2133 1954; baseline 0.001 -18"><span class='ocrx_word' id='word_1_182' title='bbox 197 1903 266 1945; x_wconf 81' lang='lat'><strong>145</strong></span> <span class='ocrx_word' id='word_1_183' title='bbox 290 1884 401 1953; x_wconf 90' lang='lat' dir='ltr'><strong>pati</strong></span> <span class='ocrx_word' id='word_1_184' title='bbox 427 1883 619 1953; x_wconf 86' lang='lat' dir='ltr'><strong>posset)</strong></span> <span class='ocrx_word' id='word_1_185' title='bbox 647 1880 825 1934; x_wconf 88' lang='lat' dir='ltr'><strong>subito</strong></span> <span class='ocrx_word' id='word_1_186' title='bbox 854 1882 925 1934; x_wconf 90' lang='lat' dir='ltr'><strong>sic</strong></span> <span class='ocrx_word' id='word_1_187' title='bbox 953 1883 1156 1948; x_wconf 87' lang='lat' dir='ltr'><strong>exarsit,</strong></span> <span class='ocrx_word' id='word_1_188' title='bbox 1185 1897 1246 1936; x_wconf 90' lang='lat' dir='ltr'><strong>ut</strong></span> <span class='ocrx_word' id='word_1_189' title='bbox 1275 1883 1489 1948; x_wconf 91' lang='lat' dir='ltr'><strong>diceret,</strong></span> <span class='ocrx_word' id='word_1_190' title='bbox 1518 1883 1693 1936; x_wconf 91' lang='lat' dir='ltr'><strong>mirari</strong></span> <span class='ocrx_word' id='word_1_191' title='bbox 1718 1902 1771 1936; x_wconf 90' lang='lat' dir='ltr'><strong>se</strong></span> <span class='ocrx_word' id='word_1_192' title='bbox 1797 1883 1927 1954; x_wconf 88' lang='lat' dir='ltr'><strong>quid</strong></span> <span class='ocrx_word' id='word_1_193' title='bbox 1952 1884 2027 1936; x_wconf 89' lang='lat' dir='ltr'><strong>ita</strong></span> <span class='ocrx_word' id='word_1_194' title='bbox 2052 1884 2133 1937; x_wconf 86' lang='lat' dir='ltr'><strong>vir</strong></span> 
     </span>
     <span class='ocr_line' id='line_1_21' title="bbox 290 1967 2130 2039; baseline 0 -17"><span class='ocrx_word' id='word_1_195' title='bbox 290 1970 493 2034; x_wconf 80' lang='lat' dir='ltr'><strong>doctUS,</strong></span> <span class='ocrx_word' id='word_1_196' title='bbox 525 1969 618 2039; x_wconf 91' lang='lat' dir='ltr'><strong>qui</strong></span> <span class='ocrx_word' id='word_1_197' title='bbox 659 1981 768 2021; x_wconf 93' lang='lat' dir='ltr'><strong>tam</strong></span> <span class='ocrx_word' id='word_1_198' title='bbox 809 1967 976 2021; x_wconf 89' lang='lat' dir='ltr'><strong>multa</strong></span> <span class='ocrx_word' id='word_1_199' title='bbox 1006 1968 1227 2037; x_wconf 89' lang='lat' dir='ltr'><strong>legisset,</strong></span> <span class='ocrx_word' id='word_1_200' title='bbox 1262 1968 1603 2021; x_wconf 87' lang='lat' dir='ltr'><strong>excellentem</strong></span> <span class='ocrx_word' id='word_1_201' title='bbox 1643 1970 1844 2022; x_wconf 90' lang='lat' dir='ltr'><strong>cunctis</strong></span> <span class='ocrx_word' id='word_1_202' title='bbox 1882 1970 1939 2022; x_wconf 92' lang='lat' dir='ltr'><strong>in</strong></span> <span class='ocrx_word' id='word_1_203' title='bbox 1977 1969 2130 2023; x_wconf 89' lang='lat' dir='ltr'><strong>rebus</strong></span> 
     </span>
     <span class='ocr_line' id='line_1_22' title="bbox 290 2053 2133 2125; baseline 0 -17"><span class='ocrx_word' id='word_1_204' title='bbox 290 2055 499 2108; x_wconf 88' lang='lat' dir='ltr'><strong>Italiam</strong></span> <span class='ocrx_word' id='word_1_205' title='bbox 538 2056 800 2123; x_wconf 86' lang='lat' dir='ltr'><strong>ignoraret</strong></span> <span class='ocrx_word' id='word_1_206' title='bbox 837 2095 850 2107; x_wconf 91' lang='lat'><strong>.</strong></span> <span class='ocrx_word' id='word_1_207' title='bbox 889 2095 902 2107; x_wconf 90' lang='lat'><strong>.</strong></span> <span class='ocrx_word' id='word_1_208' title='bbox 941 2094 955 2108; x_wconf 93' lang='lat'><strong>.</strong></span> <span class='ocrx_word' id='word_1_209' title='bbox 1023 2053 1172 2124; x_wconf 89' lang='lat' dir='ltr'><em>[Such</em></span> <span class='ocrx_word' id='word_1_210' title='bbox 1209 2074 1316 2107; x_wconf 87' lang='lat' dir='ltr'><strong>men</strong></span> <span class='ocrx_word' id='word_1_211' title='bbox 1354 2055 1514 2107; x_wconf 82' lang='lat' dir='ltr'><em>would</em></span> <span class='ocrx_word' id='word_1_212' title='bbox 1550 2055 1605 2107; x_wconf 91' lang='lat' dir='ltr'><strong>be</strong></span> <span class='ocrx_word' id='word_1_213' title='bbox 1643 2055 1878 2108; x_wconf 88' lang='lat' dir='ltr'><strong>ashamed</strong></span> <span class='ocrx_word' id='word_1_214' title='bbox 1913 2056 1972 2125; x_wconf 90' lang='lat' dir='ltr'><strong>of</strong></span> <span class='ocrx_word' id='word_1_215' title='bbox 2002 2056 2133 2109; x_wconf 82' lang='lat' dir='ltr'><em>their</em></span> 
     </span>
     <span class='ocr_line' id='line_1_23' title="bbox 288 2140 1768 2212; baseline -0.001 -17"><span class='ocrx_word' id='word_1_216' title='bbox 288 2143 547 2211; x_wconf 79' lang='lat' dir='ltr'><strong>ignorance</strong></span> <span class='ocrx_word' id='word_1_217' title='bbox 572 2141 626 2212; x_wconf 84' lang='lat' dir='ltr'><strong>is</strong></span> <span class='ocrx_word' id='word_1_218' title='bbox 643 2141 755 2211; x_wconf 83' lang='lat' dir='ltr'><em>they</em></span> <span class='ocrx_word' id='word_1_219' title='bbox 781 2140 883 2193; x_wconf 88' lang='lat' dir='ltr'><strong>had</strong></span> <span class='ocrx_word' id='word_1_220' title='bbox 907 2140 1021 2193; x_wconf 86' lang='lat' dir='ltr'><em>been</em></span> <span class='ocrx_word' id='word_1_221' title='bbox 1046 2142 1101 2194; x_wconf 85' lang='lat' dir='ltr'><strong>in</strong></span> <span class='ocrx_word' id='word_1_222' title='bbox 1124 2141 1267 2211; x_wconf 79' lang='lat' dir='ltr'><strong>Italy</strong></span> <span class='ocrx_word' id='word_1_223' title='bbox 1277 2141 1368 2211; x_wconf 88' lang='lat' dir='ltr'><strong>for</strong></span> <span class='ocrx_word' id='word_1_224' title='bbox 1391 2161 1423 2193; x_wconf 90' lang='lat' dir='ltr'><em>a</em></span> <span class='ocrx_word' id='word_1_225' title='bbox 1447 2142 1602 2211; x_wconf 84' lang='lat' dir='ltr'><strong>single</strong></span> <span class='ocrx_word' id='word_1_226' title='bbox 1625 2141 1768 2212; x_wconf 78' lang='lat' dir='ltr'><strong>day.]</strong></span> 
     </span>
    </p>

    <p class='ocr_par' dir='ltr' id='par_1_9' title="bbox 359 2211 2130 2305">
     <span class='ocr_line' id='line_1_24' title="bbox 359 2211 2130 2305; baseline 0 -24"><span class='ocrx_word' id='word_1_227' title='bbox 359 2227 509 2281; x_wconf 91' lang='lat' dir='ltr'><strong>Nihil</strong></span> <span class='ocrx_word' id='word_1_228' title='bbox 536 2215 761 2305; x_wconf 70' lang='lat' dir='ltr'><strong>omnino]</strong></span> <span class='ocrx_word' id='word_1_229' title='bbox 780 2226 876 2279; x_wconf 90' lang='lat' dir='ltr'><strong>sub</strong></span> <span class='ocrx_word' id='word_1_230' title='bbox 907 2211 1266 2296; x_wconf 64' lang='lat' dir='ltr'><strong>astrislItaliae</strong></span> <span class='ocrx_word' id='word_1_231' title='bbox 1294 2221 1863 2303; x_wconf 52' lang='lat' dir='ltr'><strong>comparandumjpace</strong></span> <span class='ocrx_word' id='word_1_232' title='bbox 1890 2228 2130 2282; x_wconf 88' lang='lat' dir='ltr'><strong>omnium</strong></span> 
     </span>
    </p>

    <p class='ocr_par' dir='ltr' id='par_1_10' title="bbox 199 2306 2130 3334">
     <span class='ocr_line' id='line_1_25' title="bbox 199 2306 2129 2384; baseline 0.001 -17"><span class='ocrx_word' id='word_1_233' title='bbox 199 2339 268 2381; x_wconf 81' lang='lat'><strong>¹50</strong></span> <span class='ocrx_word' id='word_1_234' title='bbox 289 2306 544 2384; x_wconf 83' lang='lat' dir='ltr'><strong>gentium}</strong></span> <span class='ocrx_word' id='word_1_235' title='bbox 563 2312 873 2375; x_wconf 64' lang='lat' dir='ltr'><strong>dixerimiac</strong></span> <span class='ocrx_word' id='word_1_236' title='bbox 906 2326 1181 2378; x_wconf 90' lang='lat' dir='ltr'><strong>terrarum,</strong></span> <span class='ocrx_word' id='word_1_237' title='bbox 1215 2326 1276 2365; x_wconf 90' lang='lat' dir='ltr'><strong>ut</strong></span> <span class='ocrx_word' id='word_1_238' title='bbox 1308 2313 1744 2383; x_wconf 85' lang='lat' dir='ltr'><strong>protestationem</strong></span> <span class='ocrx_word' id='word_1_239' title='bbox 1775 2312 1919 2366; x_wconf 91' lang='lat' dir='ltr'><strong>illam</strong></span> <span class='ocrx_word' id='word_1_240' title='bbox 1951 2328 2129 2368; x_wconf 88' lang='lat' dir='ltr'><strong>tecum</strong></span> 
     </span>
     <span class='ocr_line' id='line_1_26' title="bbox 291 2398 2130 2471; baseline 0 -18"><span class='ocrx_word' id='word_1_241' title='bbox 291 2414 544 2471; x_wconf 89' lang='lat' dir='ltr'><strong>repetam,</strong></span> <span class='ocrx_word' id='word_1_242' title='bbox 579 2418 683 2470; x_wconf 90' lang='lat' dir='ltr'><strong>qua</strong></span> <span class='ocrx_word' id='word_1_243' title='bbox 717 2417 839 2451; x_wconf 91' lang='lat' dir='ltr'><strong>cum</strong></span> <span class='ocrx_word' id='word_1_244' title='bbox 873 2413 1054 2452; x_wconf 89' lang='lat' dir='ltr'><strong>nostro</strong></span> <span class='ocrx_word' id='word_1_245' title='bbox 1087 2399 1187 2452; x_wconf 89' lang='lat' dir='ltr'><strong>hoc</strong></span> <span class='ocrx_word' id='word_1_246' title='bbox 1223 2399 1440 2452; x_wconf 87' lang='lat' dir='ltr'><strong>Caesare</strong></span> <span class='ocrx_word' id='word_1_247' title='bbox 1474 2418 1591 2452; x_wconf 90' lang='lat' dir='ltr'><strong>usus</strong></span> <span class='ocrx_word' id='word_1_248' title='bbox 1625 2418 1757 2453; x_wconf 88' lang='lat' dir='ltr'><strong>sum.</strong></span> <span class='ocrx_word' id='word_1_249' title='bbox 1829 2398 2011 2453; x_wconf 91' lang='lat' dir='ltr'><strong>Sentio</strong></span> <span class='ocrx_word' id='word_1_250' title='bbox 2044 2419 2130 2454; x_wconf 91' lang='lat' dir='ltr'><strong>me</strong></span> 
     </span>
     <span class='ocr_line' id='line_1_27' title="bbox 291 2485 2128 2558; baseline -0.001 -18"><span class='ocrx_word' id='word_1_251' title='bbox 291 2487 506 2558; x_wconf 90' lang='lat' dir='ltr'><strong>quidem</strong></span> <span class='ocrx_word' id='word_1_252' title='bbox 541 2487 598 2539; x_wconf 91' lang='lat' dir='ltr'><strong>in</strong></span> <span class='ocrx_word' id='word_1_253' title='bbox 631 2486 727 2538; x_wconf 92' lang='lat' dir='ltr'><strong>hac</strong></span> <span class='ocrx_word' id='word_1_254' title='bbox 765 2486 1070 2539; x_wconf 90' lang='lat' dir='ltr'><strong>narrationis</strong></span> <span class='ocrx_word' id='word_1_255' title='bbox 1107 2499 1256 2556; x_wconf 90' lang='lat' dir='ltr'><strong>parte</strong></span> <span class='ocrx_word' id='word_1_256' title='bbox 1289 2499 1626 2556; x_wconf 84' lang='lat' dir='ltr'><strong>suspectum3</strong></span> <span class='ocrx_word' id='word_1_257' title='bbox 1682 2485 1773 2538; x_wconf 91' lang='lat' dir='ltr'><strong>sed</strong></span> <span class='ocrx_word' id='word_1_258' title='bbox 1807 2504 1915 2539; x_wconf 93' lang='lat' dir='ltr'><strong>non</strong></span> <span class='ocrx_word' id='word_1_259' title='bbox 1951 2499 2128 2541; x_wconf 86' lang='lat' dir='ltr'><strong>tantus</strong></span> 
     </span>
     <span class='ocr_line' id='line_1_28' title="bbox 292 2571 2126 2643; baseline 0 -17"><span class='ocrx_word' id='word_1_260' title='bbox 292 2588 367 2626; x_wconf 92' lang='lat' dir='ltr'><strong>est</strong></span> <span class='ocrx_word' id='word_1_261' title='bbox 408 2573 608 2643; x_wconf 88' lang='lat' dir='ltr'><strong>patriae</strong></span> <span class='ocrx_word' id='word_1_262' title='bbox 647 2573 779 2643; x_wconf 89' lang='lat' dir='ltr'><strong>quin</strong></span> <span class='ocrx_word' id='word_1_263' title='bbox 820 2573 983 2627; x_wconf 88' lang='lat' dir='ltr'><strong>maior</strong></span> <span class='ocrx_word' id='word_1_264' title='bbox 1025 2591 1129 2624; x_wconf 89' lang='lat' dir='ltr'><strong>esse</strong></span> <span class='ocrx_word' id='word_1_265' title='bbox 1170 2571 1358 2624; x_wconf 88' lang='lat' dir='ltr'><strong>debeat</strong></span> <span class='ocrx_word' id='word_1_266' title='bbox 1400 2572 1669 2642; x_wconf 89' lang='lat' dir='ltr'><strong>maiorque</strong></span> <span class='ocrx_word' id='word_1_267' title='bbox 1708 2572 1775 2642; x_wconf 87' lang='lat' dir='ltr'><strong>sit</strong></span> <span class='ocrx_word' id='word_1_268' title='bbox 1816 2590 1962 2625; x_wconf 89' lang='lat' dir='ltr'><strong>amor</strong></span> <span class='ocrx_word' id='word_1_269' title='bbox 2001 2573 2126 2626; x_wconf 87' lang='lat' dir='ltr'><strong>veri.</strong></span> 
     </span>
     <span class='ocr_line' id='line_1_29' title="bbox 293 2658 2128 2730; baseline 0.001 -18"><span class='ocrx_word' id='word_1_270' title='bbox 293 2660 448 2713; x_wconf 88' lang='lat' dir='ltr'><strong>Dabo</strong></span> <span class='ocrx_word' id='word_1_271' title='bbox 486 2674 681 2725; x_wconf 89' lang='lat' dir='ltr'><strong>tamen,</strong></span> <span class='ocrx_word' id='word_1_272' title='bbox 719 2660 761 2711; x_wconf 88' lang='lat' dir='ltr'><strong>si</strong></span> <span class='ocrx_word' id='word_1_273' title='bbox 799 2659 1060 2730; x_wconf 87' lang='lat' dir='ltr'><strong>expediat,</strong></span> <span class='ocrx_word' id='word_1_274' title='bbox 1101 2673 1256 2711; x_wconf 91' lang='lat' dir='ltr'><strong>testes</strong></span> <span class='ocrx_word' id='word_1_275' title='bbox 1295 2677 1506 2728; x_wconf 87' lang='lat' dir='ltr'><strong>magnos</strong></span> <span class='ocrx_word' id='word_1_276' title='bbox 1545 2658 1735 2729; x_wconf 89' lang='lat' dir='ltr'><strong>quibus</strong></span> <span class='ocrx_word' id='word_1_277' title='bbox 1774 2674 1881 2712; x_wconf 89' lang='lat' dir='ltr'><strong>non</strong></span> <span class='ocrx_word' id='word_1_278' title='bbox 1917 2659 2128 2713; x_wconf 90' lang='lat' dir='ltr'><strong>credere</strong></span> 
     </span>
     <span class='ocr_line' id='line_1_30' title="bbox 199 2744 2125 2818; baseline 0.001 -20"><span class='ocrx_word' id='word_1_279' title='bbox 199 2772 268 2815; x_wconf 84' lang='lat'><strong>155</strong></span> <span class='ocrx_word' id='word_1_280' title='bbox 291 2746 463 2818; x_wconf 92' lang='lat' dir='ltr'><strong>pudor</strong></span> <span class='ocrx_word' id='word_1_281' title='bbox 498 2747 608 2816; x_wconf 89' lang='lat' dir='ltr'><strong>ipse</strong></span> <span class='ocrx_word' id='word_1_282' title='bbox 643 2745 936 2816; x_wconf 88' lang='lat' dir='ltr'><strong>prohibeat.</strong></span> <span class='ocrx_word' id='word_1_283' title='bbox 1012 2744 1114 2798; x_wconf 91' lang='lat' dir='ltr'><strong>Sed</strong></span> <span class='ocrx_word' id='word_1_284' title='bbox 1151 2745 1282 2816; x_wconf 89' lang='lat' dir='ltr'><strong>quid</strong></span> <span class='ocrx_word' id='word_1_285' title='bbox 1318 2744 1459 2816; x_wconf 92' lang='lat' dir='ltr'><strong>apud</strong></span> <span class='ocrx_word' id='word_1_286' title='bbox 1497 2759 1551 2797; x_wconf 90' lang='lat' dir='ltr'><strong>te</strong></span> <span class='ocrx_word' id='word_1_287' title='bbox 1588 2763 1716 2815; x_wconf 87' lang='lat' dir='ltr'><strong>opus</strong></span> <span class='ocrx_word' id='word_1_288' title='bbox 1754 2759 1831 2797; x_wconf 92' lang='lat' dir='ltr'><strong>est</strong></span> <span class='ocrx_word' id='word_1_289' title='bbox 1869 2745 2125 2810; x_wconf 79' lang='lat' dir='ltr'><strong>testibu83</strong></span> 
     </span>
     <span class='ocr_line' id='line_1_31' title="bbox 291 2830 2128 2904; baseline -0.001 -19"><span class='ocrx_word' id='word_1_290' title='bbox 291 2851 451 2904; x_wconf 91' lang='lat' dir='ltr'><strong>quem</strong></span> <span class='ocrx_word' id='word_1_291' title='bbox 496 2850 662 2884; x_wconf 90' lang='lat' dir='ltr'><strong>unum</strong></span> <span class='ocrx_word' id='word_1_292' title='bbox 709 2845 897 2884; x_wconf 91' lang='lat' dir='ltr'><strong>testem</strong></span> <span class='ocrx_word' id='word_1_293' title='bbox 942 2850 1038 2901; x_wconf 92' lang='lat' dir='ltr'><strong>ego</strong></span> <span class='ocrx_word' id='word_1_294' title='bbox 1082 2830 1391 2900; x_wconf 89' lang='lat' dir='ltr'><strong>negantibus</strong></span> <span class='ocrx_word' id='word_1_295' title='bbox 1434 2831 1531 2883; x_wconf 92' lang='lat' dir='ltr'><strong>sim</strong></span> <span class='ocrx_word' id='word_1_296' title='bbox 1577 2830 1837 2885; x_wconf 81' lang='lat' dir='ltr'><strong>daturus?</strong></span> <span class='ocrx_word' id='word_1_297' title='bbox 1918 2830 2128 2884; x_wconf 89' lang='lat' dir='ltr'><strong>Addam</strong></span> 
     </span>
     <span class='ocr_line' id='line_1_32' title="bbox 294 2916 2126 2988; baseline -0.001 -17"><span class='ocrx_word' id='word_1_298' title='bbox 294 2933 472 2971; x_wconf 90' lang='lat' dir='ltr'><strong>tamen</strong></span> <span class='ocrx_word' id='word_1_299' title='bbox 511 2917 670 2970; x_wconf 89' lang='lat' dir='ltr'><strong>alium</strong></span> <span class='ocrx_word' id='word_1_300' title='bbox 712 2931 900 2970; x_wconf 87' lang='lat' dir='ltr'><strong>testem</strong></span> <span class='ocrx_word' id='word_1_301' title='bbox 940 2918 1119 2971; x_wconf 89' lang='lat' dir='ltr'><strong>vivum</strong></span> <span class='ocrx_word' id='word_1_302' title='bbox 1159 2935 1372 2988; x_wconf 90' lang='lat' dir='ltr'><strong>quoque</strong></span> <span class='ocrx_word' id='word_1_303' title='bbox 1411 2930 1464 2969; x_wconf 90' lang='lat' dir='ltr'><strong>et</strong></span> <span class='ocrx_word' id='word_1_304' title='bbox 1504 2916 1845 2986; x_wconf 89' lang='lat' dir='ltr'><strong>alienigenam</strong></span> <span class='ocrx_word' id='word_1_305' title='bbox 1884 2930 1939 2970; x_wconf 92' lang='lat' dir='ltr'><strong>et</strong></span> <span class='ocrx_word' id='word_1_306' title='bbox 1977 2935 2126 2988; x_wconf 87' lang='lat' dir='ltr'><strong>prae-</strong></span> 
     </span>
     <span class='ocr_line' id='line_1_33' title="bbox 293 3003 2127 3074; baseline -0.001 -17"><span class='ocrx_word' id='word_1_307' title='bbox 293 3005 508 3070; x_wconf 90' lang='lat' dir='ltr'><strong>clarum,</strong></span> <span class='ocrx_word' id='word_1_308' title='bbox 538 3003 844 3056; x_wconf 90' lang='lat' dir='ltr'><strong>Guidonem</strong></span> <span class='ocrx_word' id='word_1_309' title='bbox 873 3004 1249 3068; x_wconf 86' lang='lat' dir='ltr'><strong>Portuensem3</strong></span> <span class='ocrx_word' id='word_1_310' title='bbox 1299 3022 1457 3073; x_wconf 92' lang='lat' dir='ltr'><strong>quem</strong></span> <span class='ocrx_word' id='word_1_311' title='bbox 1487 3003 1720 3068; x_wconf 90' lang='lat' dir='ltr'><strong>memini,</strong></span> <span class='ocrx_word' id='word_1_312' title='bbox 1750 3017 1803 3055; x_wconf 92' lang='lat' dir='ltr'><strong>et</strong></span> <span class='ocrx_word' id='word_1_313' title='bbox 1831 3003 1941 3074; x_wconf 88' lang='lat' dir='ltr'><strong>ipse</strong></span> <span class='ocrx_word' id='word_1_314' title='bbox 1967 3005 2127 3056; x_wconf 89' lang='lat' dir='ltr'><strong>etiam</strong></span> 
     </span>
     <span class='ocr_line' id='line_1_34' title="bbox 293 3089 2128 3163; baseline -0.001 -19"><span class='ocrx_word' id='word_1_315' title='bbox 293 3106 427 3163; x_wconf 91' lang='lat' dir='ltr'><strong>puto</strong></span> <span class='ocrx_word' id='word_1_316' title='bbox 469 3092 784 3156; x_wconf 86' lang='lat' dir='ltr'><strong>meminerit,</strong></span> <span class='ocrx_word' id='word_1_317' title='bbox 827 3110 964 3143; x_wconf 90' lang='lat' dir='ltr'><strong>anno</strong></span> <span class='ocrx_word' id='word_1_318' title='bbox 1006 3090 1211 3143; x_wconf 87' lang='lat' dir='ltr'><strong>Iubileo</strong></span> <span class='ocrx_word' id='word_1_319' title='bbox 1251 3090 1315 3146; x_wconf 89' lang='lat' dir='ltr'><strong>ab</strong></span> <span class='ocrx_word' id='word_1_320' title='bbox 1356 3089 1441 3142; x_wconf 87' lang='lat' dir='ltr'><strong>illa</strong></span> <span class='ocrx_word' id='word_1_321' title='bbox 1481 3109 1571 3142; x_wconf 91' lang='lat' dir='ltr'><strong>sua</strong></span> <span class='ocrx_word' id='word_1_322' title='bbox 1610 3089 1828 3158; x_wconf 90' lang='lat' dir='ltr'><strong>gloriosa</strong></span> <span class='ocrx_word' id='word_1_323' title='bbox 1866 3089 2128 3158; x_wconf 88' lang='lat' dir='ltr'><strong>legatione</strong></span> 
     </span>
     <span class='ocr_line' id='line_1_35' title="bbox 199 3175 2126 3247; baseline -0.001 -17"><span class='ocrx_word' id='word_1_324' title='bbox 199 3198 272 3236; x_wconf 74' lang='lat'><strong>160</strong></span> <span class='ocrx_word' id='word_1_325' title='bbox 295 3178 622 3242; x_wconf 87' lang='lat' dir='ltr'><strong>redeuntem,</strong></span> <span class='ocrx_word' id='word_1_326' title='bbox 634 3177 761 3229; x_wconf 89' lang='lat' dir='ltr'><strong>dum</strong></span> <span class='ocrx_word' id='word_1_327' title='bbox 778 3178 878 3229; x_wconf 86' lang='lat' dir='ltr'><strong>iter</strong></span> <span class='ocrx_word' id='word_1_328' title='bbox 895 3196 1047 3229; x_wconf 91' lang='lat' dir='ltr'><strong>suum</strong></span> <span class='ocrx_word' id='word_1_329' title='bbox 1065 3178 1243 3229; x_wconf 87' lang='lat' dir='ltr'><strong>innata</strong></span> <span class='ocrx_word' id='word_1_330' title='bbox 1261 3176 1389 3228; x_wconf 88' lang='lat' dir='ltr'><strong>mihi</strong></span> <span class='ocrx_word' id='word_1_331' title='bbox 1408 3175 1473 3228; x_wconf 91' lang='lat' dir='ltr'><strong>ad</strong></span> <span class='ocrx_word' id='word_1_332' title='bbox 1488 3175 1637 3228; x_wconf 92' lang='lat' dir='ltr'><strong>illum</strong></span> <span class='ocrx_word' id='word_1_333' title='bbox 1655 3175 1936 3229; x_wconf 87' lang='lat' dir='ltr'><strong>devotione</strong></span> <span class='ocrx_word' id='word_1_334' title='bbox 1949 3193 2126 3247; x_wconf 65' lang='lat' dir='ltr'><strong>prose÷</strong></span> 
     </span>
     <span class='ocr_line' id='line_1_36' title="bbox 296 3261 2123 3334; baseline 0 -18"><span class='ocrx_word' id='word_1_335' title='bbox 296 3284 499 3334; x_wconf 87' lang='lat' dir='ltr'><strong>querer,</strong></span> <span class='ocrx_word' id='word_1_336' title='bbox 527 3278 579 3323; x_wconf 87' lang='lat' dir='ltr'><strong>et</strong></span> <span class='ocrx_word' id='word_1_337' title='bbox 607 3263 671 3315; x_wconf 91' lang='lat' dir='ltr'><strong>ad</strong></span> <span class='ocrx_word' id='word_1_338' title='bbox 700 3264 980 3327; x_wconf 91' lang='lat' dir='ltr'><strong>Benacum,</strong></span> <span class='ocrx_word' id='word_1_339' title='bbox 1008 3263 1260 3315; x_wconf 88' lang='lat' dir='ltr'><strong>Venetiae</strong></span> <span class='ocrx_word' id='word_1_340' title='bbox 1283 3261 1454 3314; x_wconf 90' lang='lat' dir='ltr'><strong>lacum</strong></span> <span class='ocrx_word' id='word_1_341' title='bbox 1483 3261 1877 3327; x_wconf 87' lang='lat' dir='ltr'><strong>nobilissimum,</strong></span> <span class='ocrx_word' id='word_1_342' title='bbox 1903 3261 2123 3316; x_wconf 56' lang='lat' dir='ltr'><strong>venisses</strong></span> 
     </span>
    </p>
   </div>
  </div>
 </body>
</html>
