2242 3600
239 180 301 245 ῃ
863 176 1458 231 socRATlsvo

715 357 972 417 Socrati
997 380 1111 418 su0.
1181 359 1347 419 Fam.
1380 359 1457 418 ix.
1492 378 1545 418 2.

239 479 433 610 TE
425 479 722 574 compressis
753 479 1033 549 aliquando
1049 481 1331 549 gemitibus
1352 481 1644 551 sedatisque
1666 483 1889 552 suspiriis
1909 498 2070 556 atque

352 565 512 617 animi
550 565 868 629 turbinibus,
907 565 1128 619 infracta
1164 586 1292 619 voce
1332 567 1580 637 siccisque
1617 567 1778 619 oculis
1815 568 2067 641 alloquor.

234 651 315 703 Sic
356 671 440 703 me
481 651 655 704 audies
697 651 842 722 quasi
880 651 1150 704 hominem
1191 653 1461 722 naufragio
1502 653 1732 724 elapsum
1772 655 2069 727 fessumque

231 738 585 807 querimoniis,
631 738 900 790 sedentem
946 738 1001 790 in
1044 738 1216 803 litore,
1263 753 1523 792 moestum
1571 740 1785 810 quidem
1831 741 1920 793 sed
1963 741 2067 794 iam

182 844 204 884 5
230 815 358 877 fletu
392 824 743 876 abstinentem
778 838 830 875 et
863 844 1043 894 parvas
1078 843 1295 894 magnae
1332 826 1576 877 fortunae
1611 825 1852 896 reliquias
1887 843 2067 879 recen-

227 925 445 962 sentem.
511 909 682 962 Mitto
710 910 819 962 illas
849 910 1226 962 amoenissimas
1256 925 1416 982 atque
1445 911 1778 982 amplissimas
1808 912 2068 966 amicitiae

227 1017 366 1066 opes,
394 996 582 1067 quibus
608 996 1080 1049 abundantissimus
1104 997 1310 1066 regibus
1335 997 1453 1067 ipsis
1478 1018 1535 1049 ac
1561 1012 1818 1050 terrarum
1843 998 2068 1066 dominis

226 1082 356 1134 mihi
387 1082 545 1134 ditior
573 1082 805 1148 videbar,
835 1101 1056 1154 quarum
1086 1097 1303 1153 repente
1331 1084 1691 1153 pauperrimus
1720 1086 1887 1137 factus
1915 1104 2065 1150 sum3

225 1190 331 1222 non
359 1183 435 1221 est
464 1169 707 1221 ferendus
737 1169 828 1239 qui
856 1169 1159 1222 imminutas
1190 1169 1393 1222 delicias
1421 1190 1531 1222 suas
1558 1170 1721 1240 luget.
1776 1171 2063 1223 Ad'neces-

223 1358 444 1395 transeo,
531 1343 679 1394 Duos
730 1341 860 1394 mihi
912 1325 1094 1394 fratres
1143 1342 1383 1412 genetrix
1431 1362 1564 1407 mea,
1615 1342 1787 1413 plures
1833 1343 2062 1397 amicitia

222 1434 511 1501 pepererat.
593 1428 837 1503 Primum'
876 1428 1091 1499 quidem
1149 1430 1373 1481 fratrum
1432 1428 1750 1481 naturalium
1796 1449 1932 1482 mors
1978 1429 2060 1483 in-

219 1520 420 1569 fantem
461 1516 603 1568 tulit.
682 1515 982 1568 Secundum
1023 1515 1161 1567 mihi*
1193 1515 1431 1568 Car—tusia
1470 1515 1573 1567 iam
1613 1516 1784 1569 virum
1823 1515 2060 1582 abstulit,

217 1604 381 1656 immo
431 1622 554 1655 vero
605 1622 712 1654 non
763 1602 910 1666 mihi,
961 1602 1051 1653 sed
1101 1602 1302 1654 mundo
1353 1601 1587 1654 ablatum
1638 1602 1756 1654 Deo
1806 1601 2058 1668 reddidit,

150 1714 193 1754 15
218 1690 515 1760 §erardum
545 1703 801 1753 nostrum,
832 1688 973 1740 nulla
1001 1688 1055 1740 in
1084 1709 1138 1740 re
1168 1703 1258 1741 aut
1286 1707 1534 1758 germano
1563 1688 1663 1740 tibi
1691 1688 1848 1741 unico
1874 1708 2058 1742 secun-

197 1778 363 1840 ·dum,
401 1790 492 1828 aut
531 1775 660 1826 mihi
698 1794 856 1845 quam
895 1775 994 1826 tibi
1031 1775 1145 1826 ullis
1183 1775 1455 1827 affectibus
1491 1774 1819 1828 vinctiorem.
1891 1776 1966 1828 At
2002 1776 2059 1829 in

214 1849 443 1933 reliquis,
493 1876 554 1914 ut
604 1861 778 1913 sileam
830 1861 976 1926 duos,
1026 1861 1318 1913 recentium
1369 1861 1499 1913 mihi
1547 1861 1770 1913 fletuum
1820 1862 2056 1928 materia,

214 1968 441 2020 quorum
478 1948 701 2000 alterum
737 1948 1045 2018 Apenninus
1081 1947 1376 2000 extinctum
1411 1947 1591 2011 habet,
1627 1946 1850 1999 alterum
1887 1961 2054 2001 terror

211 2038 386 2107 vaguS,
417 2035 490 2087 ita
520 2049 581 2087 ut
611 2035 745 2086 illius
776 2049 916 2086 certa
947 2052 1101 2099 morS,
1131 2034 1284 2086 huius
1314 2034 1511 2086 incerta
1541 2033 1643 2098 sit3
1694 2047 2054 2106 quattuorque

142 2146 190 2174 20
213 2123 334 2174 alios
364 2127 470 2173 non
498 2121 763 2185 omittam,
792 2121 1057 2173 Thomam
1086 2120 1280 2172 scilicet
1309 2140 1367 2172 ac
1396 2120 1701 2184 Barbatum,
1731 2133 1784 2171 et
1813 2120 2052 2174 Laelium

211 2224 265 2261 et
316 2208 622 2261 Guidonem
673 2220 929 2273 nostrum,
982 2217 1209 2279 quorum
1259 2206 1491 2277 primum
1541 2207 1779 2258 Messana
1831 2206 2050 2273 Siciliae,
2122 2199 2124 2202 Α

209 2294 497 2347 secundum
521 2294 700 2346 Sulmo
722 2294 1046 2358 Brutiorum,
1067 2294 1288 2349 tertium
1309 2293 1492 2357 Roma,
1514 2305 1763 2362 quartum
1784 2292 2050 2345 Ianuensis

209 2399 297 2434 ora
338 2381 657 2444 dOnaverat3
717 2380 806 2431 sed
844 2379 1075 2451 primum
1115 2379 1245 2431 mihi
1283 2392 1420 2431 mors
1460 2392 1719 2442 tenerum,
1759 2379 2047 2432 secundum

208 2466 483 2539 [coniugii]
505 2480 662 2518 tenax
687 2466 872 2530 nodu8,
895 2467 1115 2518 tertium
1142 2484 1264 2519 cura
1291 2464 1624 2537 reipublicae,
1647 2478 1896 2534 quartum
1922 2485 2046 2518 vero

135 2573 181 2613 25
207 2552 408 2606 curialis
444 2551 721 2622 occupatio
754 2548 1361 2623 Qabendique‘'‘'studium
1398 2550 1607 2621 eripuit.
1680 2551 1804 2602 Duo
1839 2565 2045 2620 praeter

204 2640 297 2692 hos
319 2638 403 2690 alii
426 2623 925 2707 contigerantsnulli
945 2638 1027 2691 vel
1047 2639 1256 2708 ingenio
1277 2637 1359 2691 vel
1380 2637 1636 2689 amicitiae
1656 2636 1816 2706 gloria
1839 2637 2044 2703 cessuri,

207 2724 502 2777 Franciscus
544 2738 596 2775 et
628 2725 873 2795 ⁶I-oannes,
915 2724 1241 2776 conterranei
1280 2723 1383 2775 mei
1421 2723 1593 2786 ambo,
1634 2742 1725 2791 par
1764 2723 2041 2776 hominum

204 2811 270 2863 ad
312 2829 542 2879 unguem
588 2809 824 2861 doctrina
868 2824 920 2861 et
965 2829 1173 2862 morum
1216 2809 1469 2879 elegantia
1512 2807 1851 2877 perpolitum.
1928 2809 2040 2861 Hos

203 2896 333 2949 mihi
360 2896 545 2967 patria,
574 2915 706 2966 quae
734 2896 898 2959 dedit,
928 2895 1035 2965 ipsa
1063 2895 1234 2966 eripit.
1263 2896 1386 2989 ΞΛΜ
1413 2894 1552 2946 enim
1586 2894 1722 2946 affixi
1748 2908 1802 2946 et
1834 2894 2038 2948 nativae

134 3007 180 3045 ,30
203 3003 362 3038 zonae
416 2982 691 3034 dulcedine
746 2981 1033 3051 compediti
1087 2997 1226 3046 sunt,
1281 2996 1359 3045 ut,
1415 2999 1534 3032 cum
1590 2979 1774 3032 amoris
1827 2979 2035 3033 illorum

201 3072 417 3141 pignora
455 3068 622 3120 multa
664 3068 878 3138 quidem
924 3082 977 3119 et
1019 3087 1203 3138 magna
1243 3066 1547 3138 possideam,
1587 3066 1855 3119 convictus
1893 3066 2034 3119 nulla

200 3175 404 3227 prorsus
434 3170 578 3207 extra
609 3174 783 3206 muros
813 3154 1006 3224 patrios
1036 3174 1147 3225 spes
1177 3155 1260 3206 sit.

267 3243 390 3315 lta?
405 3241 652 3313 quoniam
690 3242 754 3293 de
789 3241 962 3293 amicis
997 3241 1205 3311 paribus
1241 3258 1407 3292 sermo
1443 3254 1536 3304 est,
1574 3257 1798 3310 quorum
1834 3237 2031 3291 facilior
