2242 3600
275 193 366 247 192
591 174 1135 227 PANDVLPHO
1195 173 1787 226 MALATESTAE

198 325 247 364 60
268 305 364 357 Illa
391 305 531 356 enim
559 323 693 374 quae
717 303 818 355 suis
846 321 1118 372 nunquam
1143 302 1234 354 sed
1261 303 1362 354 tuis
1391 302 1550 353 oculis
1579 315 1790 353 tantum
1815 300 1968 365 vidit,
1996 319 2104 353 non

267 387 417 439 aliter
461 406 619 457 quam
664 400 936 455 parentem
983 404 1068 437 me
1117 385 1298 437 dilexit
1343 386 1655 454 lionestique
1698 385 1865 437 vicem
1910 387 2104 437 meruit

268 475 471 526 amoris.
535 473 631 524 Ille
655 486 832 524 autem
857 471 1247 523 familiarissime
1271 472 1543 539 cognitum
1569 485 1620 522 et
1646 471 1838 523 amavit
1863 484 1916 522 et
1939 470 2104 522 coluit

269 576 375 608 non
415 556 575 609 verbo
617 570 845 620 tantum,
887 569 948 606 ut
988 556 1138 607 huius
1181 554 1430 623 temporis
1471 572 1579 605 mos
1621 567 1714 618 est,
1754 553 1844 605 sed
1884 553 2104 606 realibus

269 642 446 693 multis
482 655 535 693 et
569 642 766 708 magnis
800 640 1075 709 obsequiis,
1111 654 1163 692 et
1198 640 1263 692 ad
1295 657 1553 691 summam
1587 638 1733 702 alter,
1767 639 1931 690 immo
1963 637 2105 690 idem

196 746 246 796 65
267 729 376 797 ipse
404 728 533 778 mihi
561 726 898 796 Pandulphus
929 741 1172 779 evaserat.
1239 727 1428 795 Itaque
1457 743 1630 776 coram
1660 725 1872 780 Christo
1898 724 2104 793 loquor,

268 815 353 866 vix
380 813 599 864 aliiduo
636 814 769 864 mori
802 827 1066 882 poterant,
1095 813 1187 882 qui
1221 832 1309 863 cor
1336 830 1514 863 meum
1541 811 1652 881 pari
1683 810 1897 880 cuspide
1921 810 2104 863 vulne-

269 914 460 951 rarent.
522 899 624 950 Sed
641 899 771 968 quid
793 900 988 967 agimus
1014 903 1030 951 ?
1093 899 1218 950 Non
1241 913 1315 950 est
1333 896 2106 970 13136161Ρ3116111131111161116ε111

267 1005 427 1055 genus
459 985 642 1037 ullum.
710 985 774 1036 Id
805 985 903 1036 tibi
931 984 1146 1036 suadere
1174 984 1513 1053 superfluum,
1546 1003 1652 1035 non
1679 983 1848 1034 solum
1877 983 2000 1052 quia
2028 1002 2106 1035 res

268 1061 393 1123 haec
420 1091 447 1122 a
473 1072 706 1122 maximis
733 1072 850 1123 viris
878 1085 930 1122 et
957 1090 983 1123 a
1009 1090 1093 1121 me
1117 1069 1304 1138 pusillo
1327 1089 1477 1139 saepe
1503 1083 1726 1121 tractata
1751 1083 1844 1133 est,
1869 1068 1960 1120 sed
1983 1070 2106 1138 quia

198 1189 249 1229 70
270 1158 531 1228 quidquid
554 1158 711 1208 etiam
733 1158 827 1208 hac
849 1158 904 1209 in
924 1171 1074 1226 parte
1096 1155 1198 1217 dici
1218 1156 1348 1208 solet
1371 1171 1461 1208 aut
1484 1156 1586 1207 dici
1607 1169 1800 1224 potest,
1824 1154 1919 1208 tibi
1944 1155 2105 1206 notis-

268 1245 461 1295 simum
480 1245 546 1295 sit
565 1259 798 1313 oportet,
821 1243 1228 1313 prudentissimo
1245 1256 1405 1312 atque
1426 1242 1878 1295 observantissimo
1894 1259 2106 1293 casuum

269 1331 639 1382 humanorum.
708 1330 804 1381 Illa
835 1331 1072 1381 omnium
1104 1328 1389 1380 consolatio
1418 1319 1620 1380 summa
1651 1341 1744 1392 est,
1777 1327 1922 1397 quod
1951 1327 2108 1379 ambo

271 1431 476 1470 rectum
516 1418 618 1468 iter
663 1416 728 1468 ad
767 1435 975 1486 superos
1020 1415 1243 1467 tenuisse
1283 1414 1529 1466 credendi
1563 1428 1703 1478 sunt,
1741 1428 1794 1465 et
1830 1413 2122 1468 amborum⁴

271 1505 381 1556 vita
420 1505 541 1567 fuit,
585 1522 642 1554 ea
681 1503 890 1571 insignis
933 1515 1202 1553 matronae
1242 1500 1384 1565 fides,
1426 1501 1607 1569 pietaS,
1649 1501 1871 1564 castitaS,
1914 1518 1972 1551 ea
2010 1500 2108 1552 viri

200 1609 248 1653 75
271 1589 482 1641 illustris
527 1588 846 1640 excellentia.
926 1587 1104 1639 Cessat
1146 1587 1308 1655 igitur
1351 1585 1511 1637 altera
1555 1585 1766 1638 dolendi
1809 1604 1974 1638 causa.
2055 1583 2109 1638 Si

275 1676 405 1745 quid
428 1676 568 1727 enim
591 1675 713 1726 mali
737 1674 942 1738 accidit,
968 1673 1114 1725 nobis
1139 1672 1346 1736 accidit,
1369 1671 1531 1741 idque
1549 1673 1722 1741 ipsum
1745 1671 2110 1740 magnitudine

275 1760 434 1811 animi
457 1758 810 1828 superandum
835 1772 927 1821 est,
955 1777 1019 1808 ne
1043 1757 1192 1808 nimis
1219 1775 1308 1807 nos
1335 1774 1522 1820 amare,
1547 1757 1699 1808 nimis
1724 1755 1953 1808 molliter
1974 1757 2110 1807 ferre
2152 1748 2154 1750 ’

277 1860 451 1898 nostra
499 1844 834 1896 incommoda
871 1843 1157 1895 videamur.
1242 1841 1386 1893 Vale.
1472 1841 1669 1905 Patavi,
1709 1840 1878 1910 pridie
1928 1841 2106 1893 Nonas

275 1930 521 1993 Ianuarii,
536 1927 839 1999 ⁸algentibus
869 1926 1050 1995 digitisv
1070 1939 1121 1976 et
1149 1927 1385 1977 fervente
1412 1924 1564 1993 116110.
1637 1922 1835 1994 [1373]

673 2143 975 2202 Francisco
1004 2142 1216 2200 Brun-0.
1300 2141 1424 2200 Sen.
1457 2139 1578 2198 xiii.
1616 2157 1703 2196 12.

404 2279 640 2332 MISSIS
668 2278 1002 2330 familiarium
1029 2295 1201 2328 rerum
1229 2276 1379 2339 curis,
1407 2273 1594 2344 quibus
1620 2273 1890 2341 ingentem
1917 2272 2110 2341 episto-

404 2368 508 2418 lam
540 2366 864 2435 compegisti,
902 2383 1026 2433 quas
1060 2382 1154 2414 nec
1185 2362 1305 2414 stilo
1331 2362 1507 2430 dignas
1532 2379 1715 2411 censeo
1746 2373 1799 2411 et
1832 2359 1898 2411 de
1921 2358 2121 2429 quibus-

278 2453 464 2522 agendi
488 2452 629 2503 locus
658 2451 787 2503 alter
815 2450 1042 2514 dabitur,
1072 2449 1136 2500 ad
1163 2448 1217 2500 id
1243 2449 1396 2501 venio
1422 2446 1567 2516 quod
1593 2465 1677 2497 me
1702 2446 1914 2515 premit,
1942 2444 2112 2515 quod-

280 2559 383 2609 que
416 2539 516 2590 tuis
549 2539 603 2589 in
634 2537 820 2589 litteris
854 2536 1023 2588 ridens
1055 2535 1172 2603 legi.
1240 2533 1508 2602 Philippus
1542 2531 1849 2597 sabinensis,
1881 2531 2115 2584 virorum

231 2648 255 2690 5
278 2626 508 2696 optimus
532 2623 861 2676 et'Ecclesiae
883 2622 1189 2691 mundoque
1210 2620 1368 2684 utilis,
1392 2620 1520 2670 mihi
1541 2637 1664 2671 vero
1683 2616 2111 2687 superindulgens

278 2725 444 2782 pater,
493 2712 549 2762 in
595 2710 910 2778 legationem
960 2708 1197 2760 Italicam
1246 2708 1573 2776 profecturus
1623 2719 1676 2756 et
1724 2705 1780 2756 in
1827 2704 2111 2756 crastinum

280 2812 536 2861 moturuS,
566 2815 679 2847 sero
709 2796 901 2865 Papam
933 2795 1078 2859 adiit,
1112 2808 1165 2845 et
1196 2806 1408 2862 accepta
1436 2792 1647 2844 licentia
1677 2804 1795 2860 post
1825 2791 2017 2855 omnia,
2050 2803 2112 2842 ut

277 2885 431 2936 latius
457 2901 650 2935 nomen
675 2901 852 2933 meum
878 2881 1158 2932 memoriae
1183 2881 1287 2931 eius
1312 2878 1655 2948 imprimeret,
1682 2895 1766 2928 me
1788 2875 1886 2928 sibi
1910 2892 2110 2927 recom-

281 2970 549 3023 mendavit
591 2969 960 3020 instantissime
1003 2986 1113 3019 rem
1154 2985 1331 3018 serena
1379 2966 1555 3016 fronte
1598 2977 1651 3015 et
1693 2961 1861 3016 verbis
1908 2959 2110 3013 lenibus

211 3086 259 3115 10
281 3056 623 3127 approbanti3
657 3068 877 3123 urgente
899 3053 1113 3105 demum
1134 3053 1277 3116 hora,
1300 3065 1361 3103 ut
1382 3050 1555 3120 paucis
1579 3049 1745 3101 multa
1765 3047 2109 3117 comprehen-

283 3145 447 3208 deret,
473 3144 486 3167 ‘
510 3142 739 3205 habet0,’
765 3142 957 3210 inquit,
983 3141 996 3164 ‘
1021 3159 1129 3204 or0,
1154 3154 1303 3208 pater
1324 3138 1657 3201 sanctissime,
1681 3132 2111 3187 commendatum

281 3231 421 3283 hunc
455 3229 741 3293 hominem,
777 3241 829 3279 et
864 3241 1081 3296 propter
1115 3245 1215 3290 me,
1251 3225 1342 3294 qui
1377 3223 1441 3275 ad
1476 3242 1595 3275 eum
1629 3240 1782 3291 supra
1815 3238 1973 3290 quam
2009 3218 2111 3272 dici
