2242 3600
235 166 303 221 70
605 151 1000 205 IOHANNI
1060 154 1168 207 DE
1225 153 1706 210 CERTALDO

231 280 378 350 quod
399 281 569 334 vicina
591 294 669 334 est
693 281 845 334 nimis
869 281 1104 352 Babylon
1126 283 1253 336 haec
1276 282 1627 350 occidentaIiS,
1652 304 1826 340 rerum
1847 287 2067 358 pessima

159 382 209 423 35
229 365 508 437 Ereboque
551 367 829 432 simillima,
876 367 1018 420 unde
1043 385 1146 421 >me
1191 383 1377 422 natura
1420 369 1608 423 itidem
1654 370 1963 426 dehortatur
2007 393 2067 426 ac

232 452 452 505 retrahit
476 471 590 505 mea
611 474 625 517 ;
670 455 859 505 ferrem
885 466 1062 506 tamen
1085 469 1373 525 utrumque
1396 474 1567 522 amara
1591 455 1828 510 dulcibus
1849 458 2063 512 lenienS.

233 536 336 589 Sed
365 538 461 590 alia
489 538 745 608 quaedam
782 552 905 591 sunt
942 558 1075 609 quae
1103 541 1372 610 refugiunt
1398 541 1597 607 stilum,
1628 562 1691 594 ex
1719 542 1906 613 quibus
1936 544 2067 596 mihi

230 624 335 676 illic
385 644 584 677 moram
634 627 874 695 profecto
925 625 1276 679 brevissimam
1327 648 1567 698 auguror,
1619 629 1715 681 nisi
1765 629 1895 699 quid
1943 630 2066 683 novi

230 714 401 766 forsan
432 710 711 777 inciderit3
765 712 910 783 quod
940 714 1110 783 ipsum
1142 714 1294 784 quale
1324 716 1549 785 suspicer
1579 716 1779 785 ignoro,
1847 715 1914 767 Id
1943 717 2066 782 scio,

159 816 209 853 40
231 798 361 851 nihil
405 799 620 850 omnino
665 818 772 851 non
815 818 961 868 posse
1004 799 1205 853 homini
1250 801 1569 871 contingere,
1616 801 1825 853 animali
1869 801 2067 854 caduco

230 903 433 953 prorsus
463 905 520 936 ac
548 885 775 950 mortali,
803 885 927 937 licet
954 876 1093 939 inter
1120 887 1343 939 miserias
1371 888 1630 941 insolenti.

297 971 455 1023 Latet
493 991 614 1040 ergo
651 990 825 1024 rerum
863 972 1066 1037 exitus3
1124 992 1359 1042 praesens
1396 975 1725 1045 propositum
1763 975 1923 1027 animi
1959 963 2067 1027 non

227 1057 375 1122 latet,
410 1058 555 1127 quod
588 1071 641 1109 et
675 1058 774 1110 tibi
806 1071 860 1110 et
894 1060 1078 1110 nostris
1113 1079 1219 1111 non
1251 1060 1493 1129 ignotum
1525 1061 1698 1114 velim.
1767 1061 2064 1114 Romanum

227 1163 415 1213 nempe
452 1144 780 1210 Pontificem,
820 1164 978 1215 quem
1017 1146 1083 1197 ad
1120 1147 1287 1216 ripam
1325 1146 1530 1200 Tiberis
1568 1167 1814 1218 quaerere
1851 1167 2066 1201 consue-

151 1248 200 1289 45
225 1244 406 1282 verant
434 1244 606 1300 patres
635 1232 815 1296 nostri,
846 1251 936 1283 nos
965 1232 1031 1283 ad
1058 1233 1226 1302 ripam
1254 1233 1496 1286 Rhodani
1524 1234 1855 1304 quaerimus;
1905 1253 2065 1305 quae-

226 1330 343 1368 rent
372 1330 586 1386 nepotes
615 1317 834 1370 forsitan
863 1317 928 1369 ad
956 1318 1123 1388 ripam
1151 1318 1304 1388 Tagi,
1333 1333 1395 1372 ut
1422 1333 1602 1390 pateat
1631 1320 1761 1371 nihil
1789 1339 1893 1372 esse
1920 1321 2066 1391 quod

226 1422 331 1454 non
365 1402 656 1456 confundat
689 1423 746 1455 ac
781 1406 1056 1456 transferat
1087 1404 1242 1474 longa
1276 1404 1399 1470 dies,
1433 1419 1487 1457 et
1521 1405 1587 1457 ad
1619 1425 1857 1459 occasum
1890 1407 2067 1459 omnia

224 1509 517 1559 properare.
602 1490 686 1542 De
732 1490 831 1542 hoc
881 1504 1058 1543 tamen
1105 1505 1310 1544 sanctus
1357 1491 1444 1544 ille
1491 1492 1792 1563 rigidusque
1835 1493 2067 1564 piscator
2082 1495 2242 1558 Qum»

223 1575 430 1641 viderit,
481 1577 572 1646 qui
621 1595 742 1629 cum
792 1577 1109 1630 Rhodanum
1156 1578 1329 1644 sciret,
1379 1598 1474 1630 nec
1521 1578 1730 1648 Tagum
1779 1593 1921 1632 certe
1968 1599 2064 1632 nec

154 1679 201 1719 50
224 1661 517 1732 Sequanam
550 1663 832 1732 ignoraret,
868 1664 1159 1716 naviculam
1195 1678 1372 1718 tamen
1405 1685 1462 1717 ac
1496 1666 1628 1718 retia
1659 1665 1916 1718 Tiberino
1948 1666 2064 1718 fixit

222 1749 276 1799 in
311 1750 552 1818 gurgite3
609 1750 712 1815 ille,
750 1750 984 1820 inquam,
1022 1750 1214 1803 viderit
1250 1751 1393 1803 cuius
1431 1751 1617 1820 cymba
1652 1771 1792 1804 nunc
1827 1752 2064 1822 procellis

224 1835 410 1905 agitur,
432 1837 575 1889 cuius
596 1837 794 1889 navalia
815 1837 1125 1890 deseruntur
1146 1858 1160 1901 ;
1200 1837 1430 1891 viderint
1450 1838 1543 1908 qui
1562 1837 1628 1890 ad
1643 1838 2062 1908 gubernaculum

221 1919 420 1972 sedent.
495 1922 604 1973 Nos
642 1935 873 1974 vectores
911 1941 1104 1988 sumus,
1144 1936 1288 1975 aestu
1326 1923 1575 1993 rapimur,
1614 1926 1859 1976 fortunae
1895 1925 2060 1994 parti-

223 2007 377 2076 cipes,
409 2026 515 2059 non
545 2007 743 2078 culpae.
811 2008 971 2061 Illum
1001 2029 1123 2078 ergo
1153 2029 1312 2075 nunc,
1345 2010 1467 2080 quia
1497 2009 1589 2062 ubi
1619 2009 1806 2063 vellem
1836 2029 2061 2081 nequeo,

151 2107 199 2148 55
223 2092 313 2144 ubi
358 2113 565 2163 possum
612 2114 858 2165 quaerere
902 2109 979 2147 est
1025 2096 1243 2162 animus,
1288 2096 1443 2149 simul
1487 2117 1544 2149 ac
1589 2116 1779 2167 sparsas
1826 2096 2060 2150 dulcium

223 2178 461 2248 reliquias
490 2180 776 2233 amicorum
799 2202 812 2246 3
863 2200 1092 2251 cumque
1119 2181 1361 2234 omnibus
1389 2201 1692 2252 supremum
1720 2182 1833 2235 vale
1863 2182 2061 2248 dixer0,

224 2265 453 2318 crudeles
482 2279 640 2319 terras
667 2281 721 2320 et
748 2287 960 2321 avarum
987 2288 1108 2321 vere
1133 2268 1258 2321 litus
1285 2269 1529 2338 effugere,
1559 2283 1718 2339 atque
1743 2269 1798 2321 in
1825 2271 2063 2340 praefato

225 2371 342 2404 rure
371 2366 565 2419 nostro,
597 2354 742 2424 quod
769 2355 954 2425 procul
982 2355 1106 2407 inde
1136 2354 1439 2426 quindecim
1468 2374 1709 2426 passuum
1739 2354 1966 2408 millibus
1996 2355 2062 2407 ad

224 2438 544 2507 praeclarum
583 2460 640 2492 ac
679 2460 926 2494 sonorum
967 2441 1177 2511 Sorgiae
1214 2444 1419 2494 fontem
1456 2441 1605 2506 latet,
1644 2442 1783 2493 inter
1819 2440 1964 2494 silvas
2003 2461 2061 2493 ac

153 2533 202 2571 60
224 2520 440 2574 flumina
463 2523 706 2594 interque
730 2523 927 2597 libellos
955 2525 1136 2590 vari08,
1164 2525 1256 2595 qui
1280 2524 1478 2577 ibidem
1502 2524 1597 2577 sub
1624 2524 1818 2576 rustico
1845 2524 2062 2577 custode

226 2608 389 2660 vincti
434 2623 487 2661 et
540 2610 688 2678 taciti
740 2611 844 2662 iam
897 2630 981 2662 me
1034 2611 1440 2681 quadriennium
1485 2625 1870 2681 exspectarunt,
1915 2610 2061 2682 quod

225 2696 540 2765 superfuerit
588 2697 791 2749 aestatis
838 2697 1064 2750 solitaria
1112 2698 1290 2768 quiete
1338 2697 1652 2767 transigere3
1721 2717 1803 2764 ne,
1850 2697 1891 2750 si
1939 2716 2062 2750 mox

226 2781 439 2851 vestigia
484 2796 609 2834 nota
653 2783 899 2853 relegero,
946 2784 1313 2854 corpusculum
1357 2784 1475 2850 hoc,
1522 2784 1782 2836 continuis
1825 2784 1950 2837 licet
1995 2782 2059 2836 ab

225 2867 445 2920 infantia
480 2867 741 2921 laboribus
780 2870 1083 2936 exercitum,
1123 2870 1286 2922 nimio
1322 2872 1492 2923 forsan
1530 2869 1713 2922 ardore
1748 2870 2058 2934 conficiam3

154 2962 202 3012 65
226 2954 310 3006 cui
340 2973 497 3024 parco
528 2974 634 3006 non
665 2955 732 3006 ob
765 2955 906 3008 aliud
937 2956 1032 3008 nisi
1063 2975 1170 3027 quo
1202 2957 1397 3009 diutius
1429 2970 1703 3026 torqueam
1735 2975 1792 3008 ac
1824 2955 2057 3025 fatigem.

225 3040 525 3093 Autumnus
555 3059 640 3092 me
668 3042 898 3107 revehet,
929 3057 990 3094 ut
1019 3062 1185 3112 sper0,
1215 3042 1369 3095 simul
1398 3056 1451 3095 et
1479 3042 1678 3095 libellos
1707 3041 1837 3109 illos,
1869 3040 2058 3094 biblio-

228 3126 409 3179 thecae
435 3126 601 3179 Italae
627 3146 755 3199 quos
781 3127 974 3180 inferre
1001 3128 1246 3199 disposui.

293 3213 465 3265 Habes
500 3227 553 3266 et
587 3213 650 3265 de
683 3214 966 3284 praeterito
1002 3215 1260 3268 tarditatis
1295 3234 1438 3267 meae
1470 3234 1657 3282 causas,
1693 3229 1746 3268 et
1780 3214 1844 3267 de
1876 3216 2060 3267 futuro
