<?xml version="1.0" encoding="UTF-8"?>
<!DOCTYPE html PUBLIC "-//W3C//DTD XHTML 1.0 Transitional//EN"
    "http://www.w3.org/TR/xhtml1/DTD/xhtml1-transitional.dtd">
<html xmlns="http://www.w3.org/1999/xhtml" xml:lang="en" lang="en">
 <head>
  <title>
</title>
<meta http-equiv="Content-Type" content="text/html;charset=utf-8" />
  <meta name='ocr-system' content='tesseract 3.04.00' />
  <meta name='ocr-capabilities' content='ocr_page ocr_carea ocr_par ocr_line ocrx_word'/>
</head>
<body>
  <div class='ocr_page' id='page_1' title='image "./epistolaeselecta00petruoft_0134.png"; bbox 0 0 2242 3600; ppageno 0'>
   <div class='ocr_carea' id='block_1_1' title="bbox 235 212 1543 266">
    <p class='ocr_par' dir='ltr' id='par_1_1' title="bbox 235 212 1543 266">
     <span class='ocr_line' id='line_1_1' title="bbox 235 212 1543 266; baseline 0.001 -1"><span class='ocrx_word' id='word_1_1' title='bbox 235 216 327 265; x_wconf 91' lang='lat'>118</span> <span class='ocrx_word' id='word_1_2' title='bbox 759 213 1031 266; x_wconf 91' lang='lat' dir='ltr'>NERIO</span> <span class='ocrx_word' id='word_1_3' title='bbox 1089 212 1543 266; x_wconf 92' lang='lat' dir='ltr'><strong>MORANDO</strong></span> 
     </span>
    </p>
   </div>
   <div class='ocr_carea' id='block_1_2' title="bbox 627 393 1651 455">
    <p class='ocr_par' dir='ltr' id='par_1_2' title="bbox 627 393 1651 455">
     <span class='ocr_line' id='line_1_2' title="bbox 627 393 1651 455; baseline 0.001 -2"><span class='ocrx_word' id='word_1_4' title='bbox 627 394 807 454; x_wconf 83' lang='lat' dir='ltr'>Nerio</span> <span class='ocrx_word' id='word_1_5' title='bbox 834 393 1140 455; x_wconf 86' lang='lat' dir='ltr'>Morando.</span> <span class='ocrx_word' id='word_1_6' title='bbox 1210 395 1374 455; x_wconf 89' lang='lat' dir='ltr'><em>Fam.</em></span> <span class='ocrx_word' id='word_1_7' title='bbox 1407 395 1523 455; x_wconf 84' lang='lat' dir='ltr'>xxi.</span> <span class='ocrx_word' id='word_1_8' title='bbox 1562 413 1651 454; x_wconf 87' lang='lat'>11.</span> 
     </span>
    </p>
   </div>
   <div class='ocr_carea' id='block_1_3' title="bbox 161 519 2117 2920">
    <p class='ocr_par' dir='ltr' id='par_1_3' title="bbox 161 519 2117 2920">
     <span class='ocr_line' id='line_1_3' title="bbox 284 519 2061 588; baseline -0.001 -17"><span class='ocrx_word' id='word_1_9' title='bbox 284 519 397 571; x_wconf 92' lang='lat' dir='ltr'>AM</span> <span class='ocrx_word' id='word_1_10' title='bbox 434 520 552 571; x_wconf 91' lang='lat' dir='ltr'>satis</span> <span class='ocrx_word' id='word_1_11' title='bbox 590 538 763 571; x_wconf 90' lang='lat' dir='ltr'>rerum</span> <span class='ocrx_word' id='word_1_12' title='bbox 801 538 1034 572; x_wconf 89' lang='lat' dir='ltr'>mearum</span> <span class='ocrx_word' id='word_1_13' title='bbox 1072 519 1316 572; x_wconf 87' lang='lat' dir='ltr'>minutias</span> <span class='ocrx_word' id='word_1_14' title='bbox 1353 519 1539 588; x_wconf 87' lang='lat' dir='ltr'>legisti,</span> <span class='ocrx_word' id='word_1_15' title='bbox 1577 519 1696 571; x_wconf 88' lang='lat' dir='ltr'>satis</span> <span class='ocrx_word' id='word_1_16' title='bbox 1733 519 2061 572; x_wconf 89' lang='lat' dir='ltr'>Ciceroniani</span> 
     </span>
     <span class='ocr_line' id='line_1_4' title="bbox 284 605 2060 675; baseline -0.001 -17"><span class='ocrx_word' id='word_1_17' title='bbox 284 605 506 658; x_wconf 90' lang='lat' dir='ltr'>vulneris</span> <span class='ocrx_word' id='word_1_18' title='bbox 556 605 802 675; x_wconf 83' lang='lat' dir='ltr'><strong>processit</strong></span> <span class='ocrx_word' id='word_1_19' title='bbox 851 605 1080 658; x_wconf 89' lang='lat' dir='ltr'>historia.</span> <span class='ocrx_word' id='word_1_20' title='bbox 1174 607 1258 658; x_wconf 93' lang='lat' dir='ltr'>Ne</span> <span class='ocrx_word' id='word_1_21' title='bbox 1308 619 1484 658; x_wconf 89' lang='lat' dir='ltr'>autem</span> <span class='ocrx_word' id='word_1_22' title='bbox 1534 605 1701 657; x_wconf 91' lang='lat' dir='ltr'>solum</span> <span class='ocrx_word' id='word_1_23' title='bbox 1752 605 2060 658; x_wconf 88' lang='lat' dir='ltr'><strong>Ciceronem</strong></span> 
     </span>
     <span class='ocr_line' id='line_1_5' title="bbox 232 691 2059 763; baseline 0 -20"><span class='ocrx_word' id='word_1_24' title='bbox 232 692 375 761; x_wconf 87' lang='lat' dir='ltr'>diligi</span> <span class='ocrx_word' id='word_1_25' title='bbox 409 692 473 744; x_wconf 91' lang='lat' dir='ltr'>ab</span> <span class='ocrx_word' id='word_1_26' title='bbox 507 692 696 760; x_wconf 91' lang='lat' dir='ltr'>ignotis</span> <span class='ocrx_word' id='word_1_27' title='bbox 724 691 915 758; x_wconf 79' lang='lat' dir='ltr'>credaS,</span> <span class='ocrx_word' id='word_1_28' title='bbox 943 711 1108 745; x_wconf 92' lang='lat' dir='ltr'>unum</span> <span class='ocrx_word' id='word_1_29' title='bbox 1142 692 1240 744; x_wconf 91' lang='lat' dir='ltr'>illis</span> <span class='ocrx_word' id='word_1_30' title='bbox 1267 692 1522 758; x_wconf 89' lang='lat' dir='ltr'>adiiciam,</span> <span class='ocrx_word' id='word_1_31' title='bbox 1552 691 1715 763; x_wconf 88' lang='lat' dir='ltr'>quod,</span> <span class='ocrx_word' id='word_1_32' title='bbox 1740 691 1863 744; x_wconf 92' lang='lat' dir='ltr'>licet</span> <span class='ocrx_word' id='word_1_33' title='bbox 1891 705 2059 758; x_wconf 79' lang='lat' dir='ltr'>vetuS,</span> 
     </span>
     <span class='ocr_line' id='line_1_6' title="bbox 231 778 2062 849; baseline 0 -19"><span class='ocrx_word' id='word_1_34' title='bbox 231 778 370 849; x_wconf 90' lang='lat' dir='ltr'>apud</span> <span class='ocrx_word' id='word_1_35' title='bbox 396 793 449 830; x_wconf 88' lang='lat' dir='ltr'>te</span> <span class='ocrx_word' id='word_1_36' title='bbox 473 798 605 830; x_wconf 91' lang='lat' dir='ltr'>nova</span> <span class='ocrx_word' id='word_1_37' title='bbox 638 779 870 831; x_wconf 90' lang='lat' dir='ltr'>animum</span> <span class='ocrx_word' id='word_1_38' title='bbox 895 778 1239 831; x_wconf 87' lang='lat' dir='ltr'>admiratione</span> <span class='ocrx_word' id='word_1_39' title='bbox 1263 778 1563 849; x_wconf 83' lang='lat' dir='ltr'>perfundat.</span> <span class='ocrx_word' id='word_1_40' title='bbox 1635 779 1726 830; x_wconf 92' lang='lat' dir='ltr'>Est</span> <span class='ocrx_word' id='word_1_41' title='bbox 1749 778 1834 830; x_wconf 84' lang='lat' dir='ltr'>hic</span> <span class='ocrx_word' id='word_1_42' title='bbox 1859 797 2062 848; x_wconf 86' lang='lat' dir='ltr'><strong>semper</strong></span> 
     </span>
     <span class='ocr_line' id='line_1_7' title="bbox 183 862 2063 934; baseline -0.001 -18"><span class='ocrx_word' id='word_1_43' title='bbox 183 866 285 923; x_wconf 80' lang='lat' dir='ltr'>sin</span> <span class='ocrx_word' id='word_1_44' title='bbox 317 865 476 917; x_wconf 92' lang='lat' dir='ltr'>oculis</span> <span class='ocrx_word' id='word_1_45' title='bbox 510 865 818 934; x_wconf 86' lang='lat' dir='ltr'><strong>Pergamum</strong></span> <span class='ocrx_word' id='word_1_46' title='bbox 853 863 1052 929; x_wconf 87' lang='lat' dir='ltr'>Italiae,</span> <span class='ocrx_word' id='word_1_47' title='bbox 1080 863 1270 934; x_wconf 90' lang='lat' dir='ltr'>Alpina</span> <span class='ocrx_word' id='word_1_48' title='bbox 1298 864 1435 917; x_wconf 89' lang='lat' dir='ltr'>urbs.</span> <span class='ocrx_word' id='word_1_49' title='bbox 1506 865 1663 930; x_wconf 90' lang='lat' dir='ltr'>Nam,</span> <span class='ocrx_word' id='word_1_50' title='bbox 1691 878 1752 916; x_wconf 94' lang='lat' dir='ltr'>ut</span> <span class='ocrx_word' id='word_1_51' title='bbox 1785 863 1940 930; x_wconf 88' lang='lat' dir='ltr'>nosti,</span> <span class='ocrx_word' id='word_1_52' title='bbox 1966 862 2063 915; x_wconf 87' lang='lat' dir='ltr'>alia</span> 
     </span>
     <span class='ocr_line' id='line_1_8' title="bbox 229 950 2062 1020; baseline -0.001 -17"><span class='ocrx_word' id='word_1_53' title='bbox 229 951 379 1003; x_wconf 89' lang='lat' dir='ltr'>huius</span> <span class='ocrx_word' id='word_1_54' title='bbox 411 951 633 1003; x_wconf 90' lang='lat' dir='ltr'>nominis</span> <span class='ocrx_word' id='word_1_55' title='bbox 661 951 716 1002; x_wconf 91' lang='lat' dir='ltr'>in</span> <span class='ocrx_word' id='word_1_56' title='bbox 745 950 863 1002; x_wconf 89' lang='lat' dir='ltr'>Asia</span> <span class='ocrx_word' id='word_1_57' title='bbox 893 964 986 1015; x_wconf 91' lang='lat' dir='ltr'>est,</span> <span class='ocrx_word' id='word_1_58' title='bbox 1017 950 1142 1002; x_wconf 90' lang='lat' dir='ltr'>olim</span> <span class='ocrx_word' id='word_1_59' title='bbox 1171 950 1338 1002; x_wconf 85' lang='lat' dir='ltr'>Attali</span> <span class='ocrx_word' id='word_1_60' title='bbox 1368 951 1523 1020; x_wconf 85' lang='lat' dir='ltr'>regia,</span> <span class='ocrx_word' id='word_1_61' title='bbox 1554 950 1912 1003; x_wconf 89' lang='lat' dir='ltr'>Romanorum</span> <span class='ocrx_word' id='word_1_62' title='bbox 1941 962 2062 1020; x_wconf 92' lang='lat' dir='ltr'>post</span> 
     </span>
     <span class='ocr_line' id='line_1_9' title="bbox 229 1035 2062 1102; baseline -0.001 -13"><span class='ocrx_word' id='word_1_63' title='bbox 229 1037 531 1089; x_wconf 87' lang='lat' dir='ltr'>haereditas.</span> <span class='ocrx_word' id='word_1_64' title='bbox 591 1038 655 1089; x_wconf 93' lang='lat' dir='ltr'>In</span> <span class='ocrx_word' id='word_1_65' title='bbox 677 1037 772 1089; x_wconf 91' lang='lat' dir='ltr'>hac</span> <span class='ocrx_word' id='word_1_66' title='bbox 795 1051 969 1089; x_wconf 88' lang='lat' dir='ltr'>nostra</span> <span class='ocrx_word' id='word_1_67' title='bbox 990 1037 1068 1089; x_wconf 90' lang='lat' dir='ltr'>vir</span> <span class='ocrx_word' id='word_1_68' title='bbox 1091 1051 1167 1089; x_wconf 88' lang='lat' dir='ltr'>est</span> <span class='ocrx_word' id='word_1_69' title='bbox 1190 1056 1339 1102; x_wconf 89' lang='lat' dir='ltr'>unus,</span> <span class='ocrx_word' id='word_1_70' title='bbox 1362 1037 1658 1090; x_wconf 91' lang='lat' dir='ltr'>litterarum</span> <span class='ocrx_word' id='word_1_71' title='bbox 1682 1037 1828 1090; x_wconf 90' lang='lat' dir='ltr'>tenui</span> <span class='ocrx_word' id='word_1_72' title='bbox 1851 1035 2062 1100; x_wconf 88' lang='lat' dir='ltr'>notitia,</span> 
     </span>
     <span class='ocr_line' id='line_1_10' title="bbox 229 1122 2062 1193; baseline -0.001 -18"><span class='ocrx_word' id='word_1_73' title='bbox 229 1123 318 1175; x_wconf 90' lang='lat' dir='ltr'>sed</span> <span class='ocrx_word' id='word_1_74' title='bbox 352 1124 561 1193; x_wconf 91' lang='lat' dir='ltr'>ingenio</span> <span class='ocrx_word' id='word_1_75' title='bbox 598 1123 718 1189; x_wconf 90' lang='lat' dir='ltr'>acri,</span> <span class='ocrx_word' id='word_1_76' title='bbox 755 1124 795 1175; x_wconf 92' lang='lat' dir='ltr'>si</span> <span class='ocrx_word' id='word_1_77' title='bbox 833 1123 1141 1193; x_wconf 86' lang='lat' dir='ltr'>tempestive</span> <span class='ocrx_word' id='word_1_78' title='bbox 1176 1123 1363 1176; x_wconf 91' lang='lat' dir='ltr'>litteris</span> <span class='ocrx_word' id='word_1_79' title='bbox 1401 1123 1584 1177; x_wconf 88' lang='lat' dir='ltr'>datum</span> <span class='ocrx_word' id='word_1_80' title='bbox 1622 1138 1783 1188; x_wconf 88' lang='lat' dir='ltr'>esset;</span> <span class='ocrx_word' id='word_1_81' title='bbox 1841 1122 2062 1175; x_wconf 88' lang='lat' dir='ltr'>artificio</span> 
     </span>
     <span class='ocr_line' id='line_1_11' title="bbox 231 1209 2062 1281; baseline -0.001 -19"><span class='ocrx_word' id='word_1_82' title='bbox 231 1224 407 1262; x_wconf 90' lang='lat' dir='ltr'>autem</span> <span class='ocrx_word' id='word_1_83' title='bbox 442 1209 716 1275; x_wconf 82' lang='lat' dir='ltr'>aurifaber,</span> <span class='ocrx_word' id='word_1_84' title='bbox 751 1210 912 1279; x_wconf 90' lang='lat' dir='ltr'>inque</span> <span class='ocrx_word' id='word_1_85' title='bbox 947 1229 1007 1261; x_wconf 96' lang='lat' dir='ltr'>eo</span> <span class='ocrx_word' id='word_1_86' title='bbox 1040 1209 1194 1278; x_wconf 91' lang='lat' dir='ltr'>longe</span> <span class='ocrx_word' id='word_1_87' title='bbox 1229 1211 1477 1276; x_wconf 88' lang='lat' dir='ltr'>eminens,</span> <span class='ocrx_word' id='word_1_88' title='bbox 1514 1210 1763 1281; x_wconf 91' lang='lat' dir='ltr'>quodque</span> <span class='ocrx_word' id='word_1_89' title='bbox 1797 1210 2062 1279; x_wconf 90' lang='lat' dir='ltr'>optimum</span> 
     </span>
     <span class='ocr_line' id='line_1_12' title="bbox 161 1295 2062 1366; baseline 0 -18"><span class='ocrx_word' id='word_1_90' title='bbox 161 1313 208 1339; x_wconf 92' lang='lat'>10</span> <span class='ocrx_word' id='word_1_91' title='bbox 230 1296 389 1348; x_wconf 90' lang='lat' dir='ltr'>habet</span> <span class='ocrx_word' id='word_1_92' title='bbox 415 1297 639 1349; x_wconf 88' lang='lat' dir='ltr'>hominis</span> <span class='ocrx_word' id='word_1_93' title='bbox 666 1310 868 1360; x_wconf 88' lang='lat' dir='ltr'>natura,</span> <span class='ocrx_word' id='word_1_94' title='bbox 897 1296 1114 1348; x_wconf 91' lang='lat' dir='ltr'>mirator</span> <span class='ocrx_word' id='word_1_95' title='bbox 1141 1310 1445 1366; x_wconf 83' lang='lat' dir='ltr'>amatorque</span> <span class='ocrx_word' id='word_1_96' title='bbox 1473 1316 1647 1349; x_wconf 90' lang='lat' dir='ltr'>rerum</span> <span class='ocrx_word' id='word_1_97' title='bbox 1674 1295 2062 1360; x_wconf 86' lang='lat' dir='ltr'>excellentium,</span> 
     </span>
     <span class='ocr_line' id='line_1_13' title="bbox 231 1381 2064 1453; baseline -0.001 -18"><span class='ocrx_word' id='word_1_98' title='bbox 231 1383 340 1436; x_wconf 89' lang='lat' dir='ltr'>auri</span> <span class='ocrx_word' id='word_1_99' title='bbox 373 1402 494 1435; x_wconf 89' lang='lat' dir='ltr'>vero</span> <span class='ocrx_word' id='word_1_100' title='bbox 529 1382 672 1453; x_wconf 93' lang='lat' dir='ltr'>quod</span> <span class='ocrx_word' id='word_1_101' title='bbox 705 1381 944 1452; x_wconf 87' lang='lat' dir='ltr'>quotidie</span> <span class='ocrx_word' id='word_1_102' title='bbox 978 1395 1187 1447; x_wconf 82' lang='lat' dir='ltr'>tractat,</span> <span class='ocrx_word' id='word_1_103' title='bbox 1222 1401 1489 1453; x_wconf 91' lang='lat' dir='ltr'>opumque</span> <span class='ocrx_word' id='word_1_104' title='bbox 1522 1382 1802 1448; x_wconf 79' lang='lat' dir='ltr'>fallacium,</span> <span class='ocrx_word' id='word_1_105' title='bbox 1837 1382 1934 1434; x_wconf 91' lang='lat' dir='ltr'>nisi</span> <span class='ocrx_word' id='word_1_106' title='bbox 1966 1400 2064 1452; x_wconf 92' lang='lat' dir='ltr'>pro</span> 
     </span>
     <span class='ocr_line' id='line_1_14' title="bbox 231 1468 2063 1539; baseline -0.001 -17"><span class='ocrx_word' id='word_1_107' title='bbox 231 1470 549 1535; x_wconf 88' lang='lat' dir='ltr'>necessitate,</span> <span class='ocrx_word' id='word_1_108' title='bbox 575 1482 926 1539; x_wconf 89' lang='lat' dir='ltr'>contemptor.</span> <span class='ocrx_word' id='word_1_109' title='bbox 986 1469 1054 1521; x_wconf 93' lang='lat' dir='ltr'>Et</span> <span class='ocrx_word' id='word_1_110' title='bbox 1077 1469 1163 1520; x_wconf 91' lang='lat' dir='ltr'>hic</span> <span class='ocrx_word' id='word_1_111' title='bbox 1187 1468 1402 1539; x_wconf 89' lang='lat' dir='ltr'>quidem</span> <span class='ocrx_word' id='word_1_112' title='bbox 1425 1469 1528 1521; x_wconf 88' lang='lat' dir='ltr'>iam</span> <span class='ocrx_word' id='word_1_113' title='bbox 1553 1483 1724 1522; x_wconf 91' lang='lat' dir='ltr'>aetate</span> <span class='ocrx_word' id='word_1_114' title='bbox 1746 1469 2063 1539; x_wconf 89' lang='lat' dir='ltr'>provectior,</span> 
     </span>
     <span class='ocr_line' id='line_1_15' title="bbox 231 1554 2062 1620; baseline -0.001 -12"><span class='ocrx_word' id='word_1_115' title='bbox 231 1575 351 1608; x_wconf 89' lang='lat' dir='ltr'>cum</span> <span class='ocrx_word' id='word_1_116' title='bbox 377 1558 514 1608; x_wconf 83' lang='lat' dir='ltr'>forte</span> <span class='ocrx_word' id='word_1_117' title='bbox 540 1574 716 1608; x_wconf 91' lang='lat' dir='ltr'>meum</span> <span class='ocrx_word' id='word_1_118' title='bbox 743 1574 935 1608; x_wconf 90' lang='lat' dir='ltr'>nomen</span> <span class='ocrx_word' id='word_1_119' title='bbox 961 1554 1202 1620; x_wconf 88' lang='lat' dir='ltr'>audisset,</span> <span class='ocrx_word' id='word_1_120' title='bbox 1230 1556 1397 1607; x_wconf 86' lang='lat' dir='ltr'>famae</span> <span class='ocrx_word' id='word_1_121' title='bbox 1421 1554 1680 1608; x_wconf 89' lang='lat' dir='ltr'>lenocinio</span> <span class='ocrx_word' id='word_1_122' title='bbox 1706 1554 1982 1608; x_wconf 79' lang='lat' dir='ltr'>confestim</span> <span class='ocrx_word' id='word_1_123' title='bbox 2006 1554 2062 1607; x_wconf 93' lang='lat' dir='ltr'>in</span> 
     </span>
     <span class='ocr_line' id='line_1_16' title="bbox 232 1641 2117 1710; baseline 0.001 -16"><span class='ocrx_word' id='word_1_124' title='bbox 232 1643 488 1695; x_wconf 86' lang='lat' dir='ltr'>amicitiae</span> <span class='ocrx_word' id='word_1_125' title='bbox 522 1662 667 1694; x_wconf 90' lang='lat' dir='ltr'>meae</span> <span class='ocrx_word' id='word_1_126' title='bbox 699 1642 935 1695; x_wconf 89' lang='lat' dir='ltr'>studium</span> <span class='ocrx_word' id='word_1_127' title='bbox 969 1641 1308 1694; x_wconf 89' lang='lat' dir='ltr'>vehementer</span> <span class='ocrx_word' id='word_1_128' title='bbox 1342 1655 1612 1694; x_wconf 85' lang='lat' dir='ltr'>exarserat.</span> <span class='ocrx_word' id='word_1_129' title='bbox 1683 1641 1914 1710; x_wconf 90' lang='lat' dir='ltr'>Longius</span> <span class='ocrx_word' id='word_1_130' title='bbox 1948 1659 2062 1693; x_wconf 91' lang='lat' dir='ltr'>eam</span> <span class='ocrx_word' id='word_1_131' title='bbox 2103 1685 2117 1696; x_wconf 74' lang='lat'>.</span> 
     </span>
     <span class='ocr_line' id='line_1_17' title="bbox 166 1727 2065 1799; baseline 0.001 -21"><span class='ocrx_word' id='word_1_132' title='bbox 166 1748 212 1791; x_wconf 80' lang='lat'>15</span> <span class='ocrx_word' id='word_1_133' title='bbox 231 1730 271 1781; x_wconf 90' lang='lat' dir='ltr'>si</span> <span class='ocrx_word' id='word_1_134' title='bbox 306 1729 493 1799; x_wconf 90' lang='lat' dir='ltr'>quibus</span> <span class='ocrx_word' id='word_1_135' title='bbox 527 1729 614 1781; x_wconf 90' lang='lat' dir='ltr'>ille</span> <span class='ocrx_word' id='word_1_136' title='bbox 650 1728 947 1781; x_wconf 90' lang='lat' dir='ltr'>tramitibus</span> <span class='ocrx_word' id='word_1_137' title='bbox 982 1727 1048 1779; x_wconf 90' lang='lat' dir='ltr'>ad</span> <span class='ocrx_word' id='word_1_138' title='bbox 1081 1727 1232 1780; x_wconf 91' lang='lat' dir='ltr'>huius</span> <span class='ocrx_word' id='word_1_139' title='bbox 1268 1727 1631 1781; x_wconf 90' lang='lat' dir='ltr'>modestissimi</span> <span class='ocrx_word' id='word_1_140' title='bbox 1666 1728 1777 1781; x_wconf 90' lang='lat' dir='ltr'>voti</span> <span class='ocrx_word' id='word_1_141' title='bbox 1810 1746 2065 1781; x_wconf 90' lang='lat' dir='ltr'>successus</span> 
     </span>
     <span class='ocr_line' id='line_1_18' title="bbox 233 1813 2066 1886; baseline 0 -18"><span class='ocrx_word' id='word_1_142' title='bbox 233 1816 491 1881; x_wconf 89' lang='lat' dir='ltr'>ambierit,</span> <span class='ocrx_word' id='word_1_143' title='bbox 515 1834 791 1886; x_wconf 86' lang='lat' dir='ltr'>exsequar3</span> <span class='ocrx_word' id='word_1_144' title='bbox 837 1814 967 1885; x_wconf 93' lang='lat' dir='ltr'>quid</span> <span class='ocrx_word' id='word_1_145' title='bbox 994 1813 1115 1866; x_wconf 91' lang='lat' dir='ltr'>fidei</span> <span class='ocrx_word' id='word_1_146' title='bbox 1142 1814 1584 1886; x_wconf 89' lang='lat' dir='ltr'>honestarumque</span> <span class='ocrx_word' id='word_1_147' title='bbox 1611 1814 1983 1867; x_wconf 87' lang='lat' dir='ltr'>blanditiarum</span> <span class='ocrx_word' id='word_1_148' title='bbox 2009 1815 2066 1868; x_wconf 90' lang='lat' dir='ltr'>in</span> 
     </span>
     <span class='ocr_line' id='line_1_19' title="bbox 233 1901 2064 1975; baseline -0.001 -20"><span class='ocrx_word' id='word_1_149' title='bbox 233 1923 318 1956; x_wconf 89' lang='lat' dir='ltr'>me</span> <span class='ocrx_word' id='word_1_150' title='bbox 370 1923 616 1975; x_wconf 86' lang='lat' dir='ltr'>meosque</span> <span class='ocrx_word' id='word_1_151' title='bbox 668 1923 845 1956; x_wconf 89' lang='lat' dir='ltr'>omnes</span> <span class='ocrx_word' id='word_1_152' title='bbox 899 1903 1206 1967; x_wconf 84' lang='lat' dir='ltr'>exercuerit,</span> <span class='ocrx_word' id='word_1_153' title='bbox 1260 1915 1320 1954; x_wconf 92' lang='lat' dir='ltr'>ut</span> <span class='ocrx_word' id='word_1_154' title='bbox 1374 1901 1439 1953; x_wconf 89' lang='lat' dir='ltr'>ad</span> <span class='ocrx_word' id='word_1_155' title='bbox 1492 1920 1576 1953; x_wconf 88' lang='lat' dir='ltr'>me</span> <span class='ocrx_word' id='word_1_156' title='bbox 1626 1901 1780 1970; x_wconf 86' lang='lat' dir='ltr'>longe</span> <span class='ocrx_word' id='word_1_157' title='bbox 1831 1901 2064 1972; x_wconf 91' lang='lat' dir='ltr'>positum</span> 
     </span>
     <span class='ocr_line' id='line_1_20' title="bbox 233 1986 2064 2060; baseline -0.001 -18"><span class='ocrx_word' id='word_1_158' title='bbox 233 1989 553 2042; x_wconf 80' lang='lat' dir='ltr'>familiariter</span> <span class='ocrx_word' id='word_1_159' title='bbox 593 2004 752 2060; x_wconf 90' lang='lat' dir='ltr'>atque</span> <span class='ocrx_word' id='word_1_160' title='bbox 791 1989 1033 2042; x_wconf 90' lang='lat' dir='ltr'>ardenter</span> <span class='ocrx_word' id='word_1_161' title='bbox 1073 1987 1357 2053; x_wconf 87' lang='lat' dir='ltr'>accesserit,</span> <span class='ocrx_word' id='word_1_162' title='bbox 1397 1988 1605 2056; x_wconf 92' lang='lat' dir='ltr'>ignotus</span> <span class='ocrx_word' id='word_1_163' title='bbox 1645 1988 1792 2053; x_wconf 80' lang='lat' dir='ltr'>facie,</span> <span class='ocrx_word' id='word_1_164' title='bbox 1831 1986 1923 2040; x_wconf 87' lang='lat' dir='ltr'>sed</span> <span class='ocrx_word' id='word_1_165' title='bbox 1960 1987 2064 2040; x_wconf 90' lang='lat' dir='ltr'>iam</span> 
     </span>
     <span class='ocr_line' id='line_1_21' title="bbox 232 2075 2066 2147; baseline -0.001 -19"><span class='ocrx_word' id='word_1_166' title='bbox 232 2077 501 2147; x_wconf 91' lang='lat' dir='ltr'>proposito</span> <span class='ocrx_word' id='word_1_167' title='bbox 541 2090 696 2129; x_wconf 91' lang='lat' dir='ltr'>notus</span> <span class='ocrx_word' id='word_1_168' title='bbox 737 2090 790 2128; x_wconf 91' lang='lat' dir='ltr'>et</span> <span class='ocrx_word' id='word_1_169' title='bbox 831 2077 1061 2142; x_wconf 89' lang='lat' dir='ltr'>nomine,</span> <span class='ocrx_word' id='word_1_170' title='bbox 1104 2076 1298 2147; x_wconf 87' lang='lat' dir='ltr'>quidve</span> <span class='ocrx_word' id='word_1_171' title='bbox 1338 2076 1512 2128; x_wconf 90' lang='lat' dir='ltr'>animo</span> <span class='ocrx_word' id='word_1_172' title='bbox 1551 2089 1753 2144; x_wconf 90' lang='lat' dir='ltr'>gereret</span> <span class='ocrx_word' id='word_1_173' title='bbox 1793 2075 1849 2127; x_wconf 89' lang='lat' dir='ltr'>in</span> <span class='ocrx_word' id='word_1_174' title='bbox 1889 2076 2066 2127; x_wconf 81' lang='lat' dir='ltr'>fronte</span> 
     </span>
     <span class='ocr_line' id='line_1_22' title="bbox 164 2160 2067 2233; baseline -0.001 -19"><span class='ocrx_word' id='word_1_175' title='bbox 164 2182 212 2210; x_wconf 89' lang='lat'>20</span> <span class='ocrx_word' id='word_1_176' title='bbox 234 2176 392 2233; x_wconf 90' lang='lat' dir='ltr'>atque</span> <span class='ocrx_word' id='word_1_177' title='bbox 429 2162 589 2214; x_wconf 92' lang='lat' dir='ltr'>oculis</span> <span class='ocrx_word' id='word_1_178' title='bbox 626 2162 880 2232; x_wconf 91' lang='lat' dir='ltr'>scriptum</span> <span class='ocrx_word' id='word_1_179' title='bbox 919 2162 1130 2215; x_wconf 80' lang='lat' dir='ltr'>habenS.</span> <span class='ocrx_word' id='word_1_180' title='bbox 1206 2161 1351 2221; x_wconf 90' lang='lat' dir='ltr'>Quid</span> <span class='ocrx_word' id='word_1_181' title='bbox 1388 2164 1585 2232; x_wconf 81' lang='lat' dir='ltr'>putas?</span> <span class='ocrx_word' id='word_1_182' title='bbox 1662 2161 1808 2212; x_wconf 91' lang='lat' dir='ltr'>Num</span> <span class='ocrx_word' id='word_1_183' title='bbox 1845 2160 1943 2212; x_wconf 90' lang='lat' dir='ltr'>sibi</span> <span class='ocrx_word' id='word_1_184' title='bbox 1981 2179 2067 2213; x_wconf 90' lang='lat' dir='ltr'>me</span> 
     </span>
     <span class='ocr_line' id='line_1_23' title="bbox 234 2245 2063 2318; baseline -0.002 -17"><span class='ocrx_word' id='word_1_185' title='bbox 234 2262 562 2317; x_wconf 89' lang='lat' dir='ltr'>negaturum,</span> <span class='ocrx_word' id='word_1_186' title='bbox 583 2247 726 2318; x_wconf 94' lang='lat' dir='ltr'>quod</span> <span class='ocrx_word' id='word_1_187' title='bbox 744 2248 886 2301; x_wconf 91' lang='lat' dir='ltr'>nulla</span> <span class='ocrx_word' id='word_1_188' title='bbox 904 2248 1177 2314; x_wconf 79' lang='lat' dir='ltr'>barbarieS,</span> <span class='ocrx_word' id='word_1_189' title='bbox 1197 2247 1399 2301; x_wconf 91' lang='lat' dir='ltr'>nullum</span> <span class='ocrx_word' id='word_1_190' title='bbox 1418 2249 1563 2300; x_wconf 84' lang='lat' dir='ltr'>ferox</span> <span class='ocrx_word' id='word_1_191' title='bbox 1580 2245 1769 2298; x_wconf 88' lang='lat' dir='ltr'>animal</span> <span class='ocrx_word' id='word_1_192' title='bbox 1786 2260 2016 2315; x_wconf 89' lang='lat' dir='ltr'>negasset</span> <span class='ocrx_word' id='word_1_193' title='bbox 2044 2249 2063 2298; x_wconf 66' lang='lat' dir='ltr'>f</span> 
     </span>
     <span class='ocr_line' id='line_1_24' title="bbox 234 2332 2064 2406; baseline -0.001 -21"><span class='ocrx_word' id='word_1_194' title='bbox 234 2334 603 2386; x_wconf 90' lang='lat' dir='ltr'>Delinimentis</span> <span class='ocrx_word' id='word_1_195' title='bbox 642 2347 695 2386; x_wconf 91' lang='lat' dir='ltr'>et</span> <span class='ocrx_word' id='word_1_196' title='bbox 733 2334 839 2387; x_wconf 89' lang='lat' dir='ltr'>fido</span> <span class='ocrx_word' id='word_1_197' title='bbox 877 2354 933 2386; x_wconf 90' lang='lat' dir='ltr'>ac</span> <span class='ocrx_word' id='word_1_198' title='bbox 970 2349 1227 2406; x_wconf 89' lang='lat' dir='ltr'>perpetuo</span> <span class='ocrx_word' id='word_1_199' title='bbox 1263 2333 1422 2387; x_wconf 84' lang='lat' dir='ltr'>flexus</span> <span class='ocrx_word' id='word_1_200' title='bbox 1459 2332 1708 2402; x_wconf 90' lang='lat' dir='ltr'>obsequio</span> <span class='ocrx_word' id='word_1_201' title='bbox 1746 2346 1860 2384; x_wconf 90' lang='lat' dir='ltr'>tota</span> <span class='ocrx_word' id='word_1_202' title='bbox 1894 2332 2064 2385; x_wconf 90' lang='lat' dir='ltr'>virum</span> 
     </span>
     <span class='ocr_line' id='line_1_25' title="bbox 234 2419 2066 2491; baseline -0.001 -19"><span class='ocrx_word' id='word_1_203' title='bbox 234 2434 412 2472; x_wconf 87' lang='lat' dir='ltr'>mente</span> <span class='ocrx_word' id='word_1_204' title='bbox 456 2419 794 2490; x_wconf 89' lang='lat' dir='ltr'>complector.</span> <span class='ocrx_word' id='word_1_205' title='bbox 876 2422 1065 2491; x_wconf 90' lang='lat' dir='ltr'>Neque</span> <span class='ocrx_word' id='word_1_206' title='bbox 1110 2421 1248 2473; x_wconf 87' lang='lat' dir='ltr'>enim</span> <span class='ocrx_word' id='word_1_207' title='bbox 1291 2434 1369 2472; x_wconf 89' lang='lat' dir='ltr'>sat</span> <span class='ocrx_word' id='word_1_208' title='bbox 1413 2438 1498 2471; x_wconf 91' lang='lat' dir='ltr'>me</span> <span class='ocrx_word' id='word_1_209' title='bbox 1540 2419 1807 2470; x_wconf 86' lang='lat' dir='ltr'>hominem</span> <span class='ocrx_word' id='word_1_210' title='bbox 1851 2437 1979 2484; x_wconf 88' lang='lat' dir='ltr'>rear,</span> <span class='ocrx_word' id='word_1_211' title='bbox 2023 2419 2066 2471; x_wconf 92' lang='lat' dir='ltr'>si</span> 
     </span>
     <span class='ocr_line' id='line_1_26' title="bbox 233 2499 2064 2570; baseline -0.002 -11"><span class='ocrx_word' id='word_1_212' title='bbox 233 2507 450 2559; x_wconf 90' lang='lat' dir='ltr'>honeste</span> <span class='ocrx_word' id='word_1_213' title='bbox 484 2506 679 2557; x_wconf 89' lang='lat' dir='ltr'>amanti</span> <span class='ocrx_word' id='word_1_214' title='bbox 712 2507 808 2557; x_wconf 90' lang='lat' dir='ltr'>sim</span> <span class='ocrx_word' id='word_1_215' title='bbox 844 2507 1021 2559; x_wconf 92' lang='lat' dir='ltr'>durior</span> <span class='ocrx_word' id='word_1_216' title='bbox 1055 2507 1120 2558; x_wconf 92' lang='lat' dir='ltr'>ad</span> <span class='ocrx_word' id='word_1_217' title='bbox 1153 2505 1472 2559; x_wconf 90' lang='lat' dir='ltr'>reddendam</span> <span class='ocrx_word' id='word_1_218' title='bbox 1506 2505 1688 2557; x_wconf 89' lang='lat' dir='ltr'>vicem.</span> <span class='ocrx_word' id='word_1_219' title='bbox 1759 2503 1854 2557; x_wconf 93' lang='lat' dir='ltr'>Ille</span> <span class='ocrx_word' id='word_1_220' title='bbox 1887 2499 2064 2570; x_wconf 79' lang='lat' dir='ltr'>autem</span> 
     </span>
     <span class='ocr_line' id='line_1_27' title="bbox 163 2584 2066 2662; baseline -0.001 -17"><span class='ocrx_word' id='word_1_221' title='bbox 163 2611 214 2654; x_wconf 84' lang='lat'>25</span> <span class='ocrx_word' id='word_1_222' title='bbox 234 2592 481 2657; x_wconf 82' lang='lat' dir='ltr'>exultare,</span> <span class='ocrx_word' id='word_1_223' title='bbox 518 2592 742 2660; x_wconf 88' lang='lat' dir='ltr'>gloriari,</span> <span class='ocrx_word' id='word_1_224' title='bbox 779 2593 1028 2662; x_wconf 89' lang='lat' dir='ltr'>gaudium</span> <span class='ocrx_word' id='word_1_225' title='bbox 1066 2593 1224 2645; x_wconf 91' lang='lat' dir='ltr'>animi</span> <span class='ocrx_word' id='word_1_226' title='bbox 1260 2592 1429 2657; x_wconf 88' lang='lat' dir='ltr'>vultu,</span> <span class='ocrx_word' id='word_1_227' title='bbox 1465 2611 1607 2656; x_wconf 90' lang='lat' dir='ltr'>voce,</span> <span class='ocrx_word' id='word_1_228' title='bbox 1644 2604 1792 2660; x_wconf 86' lang='lat' dir='ltr'>gestu</span> <span class='ocrx_word' id='word_1_229' title='bbox 1828 2584 2066 2660; x_wconf 89' lang='lat' dir='ltr'>prodere,</span> 
     </span>
     <span class='ocr_line' id='line_1_28' title="bbox 233 2676 2066 2748; baseline -0.001 -18"><span class='ocrx_word' id='word_1_230' title='bbox 233 2691 287 2730; x_wconf 93' lang='lat' dir='ltr'>et</span> <span class='ocrx_word' id='word_1_231' title='bbox 320 2677 462 2748; x_wconf 88' lang='lat' dir='ltr'>quasi</span> <span class='ocrx_word' id='word_1_232' title='bbox 494 2678 604 2730; x_wconf 89' lang='lat' dir='ltr'>voti</span> <span class='ocrx_word' id='word_1_233' title='bbox 636 2696 847 2748; x_wconf 91' lang='lat' dir='ltr'>compos</span> <span class='ocrx_word' id='word_1_234' title='bbox 879 2678 1222 2748; x_wconf 89' lang='lat' dir='ltr'>augustissimi</span> <span class='ocrx_word' id='word_1_235' title='bbox 1255 2677 1436 2729; x_wconf 90' lang='lat' dir='ltr'>altiora</span> <span class='ocrx_word' id='word_1_236' title='bbox 1467 2677 1717 2746; x_wconf 90' lang='lat' dir='ltr'>respicere</span> <span class='ocrx_word' id='word_1_237' title='bbox 1749 2690 1803 2729; x_wconf 91' lang='lat' dir='ltr'>et</span> <span class='ocrx_word' id='word_1_238' title='bbox 1837 2690 1980 2729; x_wconf 90' lang='lat' dir='ltr'>totus</span> <span class='ocrx_word' id='word_1_239' title='bbox 2011 2676 2066 2728; x_wconf 89' lang='lat' dir='ltr'>in</span> 
     </span>
     <span class='ocr_line' id='line_1_29' title="bbox 235 2762 2064 2834; baseline -0.001 -19"><span class='ocrx_word' id='word_1_240' title='bbox 235 2763 404 2816; x_wconf 88' lang='lat' dir='ltr'>virum</span> <span class='ocrx_word' id='word_1_241' title='bbox 436 2763 659 2816; x_wconf 89' lang='lat' dir='ltr'>alterum</span> <span class='ocrx_word' id='word_1_242' title='bbox 691 2779 907 2834; x_wconf 89' lang='lat' dir='ltr'>repente</span> <span class='ocrx_word' id='word_1_243' title='bbox 939 2765 1208 2829; x_wconf 85' lang='lat' dir='ltr'>converti3</span> <span class='ocrx_word' id='word_1_244' title='bbox 1261 2764 1363 2816; x_wconf 88' lang='lat' dir='ltr'>iam</span> <span class='ocrx_word' id='word_1_245' title='bbox 1393 2763 1623 2833; x_wconf 90' lang='lat' dir='ltr'>primum</span> <span class='ocrx_word' id='word_1_246' title='bbox 1654 2762 1958 2833; x_wconf 90' lang='lat' dir='ltr'>patrimonii</span> <span class='ocrx_word' id='word_1_247' title='bbox 1986 2763 2064 2815; x_wconf 89' lang='lat' dir='ltr'>sui</span> 
     </span>
     <span class='ocr_line' id='line_1_30' title="bbox 233 2849 2064 2920; baseline -0.001 -19"><span class='ocrx_word' id='word_1_248' title='bbox 233 2863 437 2920; x_wconf 91' lang='lat' dir='ltr'>partem</span> <span class='ocrx_word' id='word_1_249' title='bbox 457 2869 563 2901; x_wconf 90' lang='lat' dir='ltr'>non</span> <span class='ocrx_word' id='word_1_250' title='bbox 582 2850 818 2919; x_wconf 84' lang='lat' dir='ltr'>exiguam</span> <span class='ocrx_word' id='word_1_251' title='bbox 837 2850 891 2902; x_wconf 89' lang='lat' dir='ltr'>in</span> <span class='ocrx_word' id='word_1_252' title='bbox 911 2870 1087 2903; x_wconf 90' lang='lat' dir='ltr'>meum</span> <span class='ocrx_word' id='word_1_253' title='bbox 1108 2851 1261 2903; x_wconf 90' lang='lat' dir='ltr'>decus</span> <span class='ocrx_word' id='word_1_254' title='bbox 1281 2849 1590 2920; x_wconf 86' lang='lat' dir='ltr'>expendere,</span> <span class='ocrx_word' id='word_1_255' title='bbox 1609 2850 1832 2919; x_wconf 91' lang='lat' dir='ltr'>signum,</span> <span class='ocrx_word' id='word_1_256' title='bbox 1853 2867 2064 2914; x_wconf 90' lang='lat' dir='ltr'>nomen,</span> 
     </span>
    </p>
   </div>
   <div class='ocr_carea' id='block_1_4' title="bbox 233 2935 2145 3005">
    <p class='ocr_par' dir='ltr' id='par_1_4' title="bbox 233 2935 2145 3005">
     <span class='ocr_line' id='line_1_31' title="bbox 233 2935 2145 3005; baseline 0 -18"><span class='ocrx_word' id='word_1_257' title='bbox 233 2935 513 3005; x_wconf 88' lang='lat' dir='ltr'>imaginem</span> <span class='ocrx_word' id='word_1_258' title='bbox 549 2936 670 2987; x_wconf 88' lang='lat' dir='ltr'>novi</span> <span class='ocrx_word' id='word_1_259' title='bbox 706 2936 857 2987; x_wconf 90' lang='lat' dir='ltr'>amici</span> <span class='ocrx_word' id='word_1_260' title='bbox 892 2936 947 2988; x_wconf 90' lang='lat' dir='ltr'>in</span> <span class='ocrx_word' id='word_1_261' title='bbox 983 2937 1224 2990; x_wconf 89' lang='lat' dir='ltr'>omnibus</span> <span class='ocrx_word' id='word_1_262' title='bbox 1262 2936 1445 2988; x_wconf 91' lang='lat' dir='ltr'>domus</span> <span class='ocrx_word' id='word_1_263' title='bbox 1480 2955 1600 2988; x_wconf 88' lang='lat' dir='ltr'>suae</span> <span class='ocrx_word' id='word_1_264' title='bbox 1635 2935 1851 3005; x_wconf 80' lang='lat' dir='ltr'>anguliS,</span> <span class='ocrx_word' id='word_1_265' title='bbox 1887 2935 1976 2988; x_wconf 93' lang='lat' dir='ltr'>sed</span> <span class='ocrx_word' id='word_1_266' title='bbox 2010 2935 2066 2987; x_wconf 91' lang='lat' dir='ltr'>in</span> <span class='ocrx_word' id='word_1_267' title='bbox 2142 2959 2145 2962; x_wconf 94' lang='lat'>·</span> 
     </span>
    </p>
   </div>
   <div class='ocr_carea' id='block_1_5' title="bbox 166 3020 2067 3351">
    <p class='ocr_par' dir='ltr' id='par_1_5' title="bbox 166 3020 2067 3351">
     <span class='ocr_line' id='line_1_32' title="bbox 166 3020 2062 3092; baseline 0 -18"><span class='ocrx_word' id='word_1_268' title='bbox 166 3047 214 3085; x_wconf 85' lang='lat'>30</span> <span class='ocrx_word' id='word_1_269' title='bbox 235 3035 447 3092; x_wconf 90' lang='lat' dir='ltr'>pectore</span> <span class='ocrx_word' id='word_1_270' title='bbox 482 3021 631 3073; x_wconf 90' lang='lat' dir='ltr'>altius</span> <span class='ocrx_word' id='word_1_271' title='bbox 665 3021 978 3091; x_wconf 91' lang='lat' dir='ltr'>insculptam</span> <span class='ocrx_word' id='word_1_272' title='bbox 1013 3023 1238 3088; x_wconf 81' lang='lat' dir='ltr'>habere3</span> <span class='ocrx_word' id='word_1_273' title='bbox 1294 3035 1496 3092; x_wconf 90' lang='lat' dir='ltr'>partem</span> <span class='ocrx_word' id='word_1_274' title='bbox 1532 3021 1747 3074; x_wconf 88' lang='lat' dir='ltr'>alteram</span> <span class='ocrx_word' id='word_1_275' title='bbox 1780 3020 2062 3074; x_wconf 86' lang='lat' dir='ltr'>scribendis</span> 
     </span>
     <span class='ocr_line' id='line_1_33' title="bbox 237 3108 2066 3180; baseline -0.002 -18"><span class='ocrx_word' id='word_1_276' title='bbox 237 3127 598 3178; x_wconf 89' lang='lat' dir='ltr'>quaecumque</span> <span class='ocrx_word' id='word_1_277' title='bbox 634 3109 763 3159; x_wconf 91' lang='lat' dir='ltr'>mihi</span> <span class='ocrx_word' id='word_1_278' title='bbox 800 3109 920 3162; x_wconf 89' lang='lat' dir='ltr'>stilo</span> <span class='ocrx_word' id='word_1_279' title='bbox 958 3110 1195 3180; x_wconf 89' lang='lat' dir='ltr'>quolibet</span> <span class='ocrx_word' id='word_1_280' title='bbox 1233 3108 1560 3162; x_wconf 84' lang='lat' dir='ltr'>effluxerunt.</span> <span class='ocrx_word' id='word_1_281' title='bbox 1644 3109 1712 3160; x_wconf 91' lang='lat' dir='ltr'>Et</span> <span class='ocrx_word' id='word_1_282' title='bbox 1750 3127 1845 3177; x_wconf 90' lang='lat' dir='ltr'>ego</span> <span class='ocrx_word' id='word_1_283' title='bbox 1880 3120 2066 3177; x_wconf 86' lang='lat' dir='ltr'>negata</span> 
     </span>
     <span class='ocr_line' id='line_1_34' title="bbox 236 3193 2067 3265; baseline -0.001 -19"><span class='ocrx_word' id='word_1_284' title='bbox 236 3195 513 3247; x_wconf 89' lang='lat' dir='ltr'>maioribus</span> <span class='ocrx_word' id='word_1_285' title='bbox 549 3193 646 3245; x_wconf 89' lang='lat' dir='ltr'>sibi</span> <span class='ocrx_word' id='word_1_286' title='bbox 683 3194 823 3247; x_wconf 89' lang='lat' dir='ltr'>haud</span> <span class='ocrx_word' id='word_1_287' title='bbox 863 3195 1063 3247; x_wconf 89' lang='lat' dir='ltr'>duriter</span> <span class='ocrx_word' id='word_1_288' title='bbox 1098 3196 1288 3265; x_wconf 89' lang='lat' dir='ltr'>scripta</span> <span class='ocrx_word' id='word_1_289' title='bbox 1323 3193 1495 3263; x_wconf 89' lang='lat' dir='ltr'>largiri</span> <span class='ocrx_word' id='word_1_290' title='bbox 1532 3193 1715 3246; x_wconf 87' lang='lat' dir='ltr'>ardore</span> <span class='ocrx_word' id='word_1_291' title='bbox 1751 3193 1972 3246; x_wconf 88' lang='lat' dir='ltr'>hominis</span> <span class='ocrx_word' id='word_1_292' title='bbox 2010 3211 2067 3245; x_wconf 88' lang='lat' dir='ltr'>ac</span> 
     </span>
     <span class='ocr_line' id='line_1_35' title="bbox 237 3280 1084 3351; baseline 0.002 -19"><span class='ocrx_word' id='word_1_293' title='bbox 237 3281 471 3334; x_wconf 85' lang='lat' dir='ltr'>novitate</span> <span class='ocrx_word' id='word_1_294' title='bbox 498 3281 751 3351; x_wconf 90' lang='lat' dir='ltr'>propositi</span> <span class='ocrx_word' id='word_1_295' title='bbox 781 3280 1084 3334; x_wconf 87' lang='lat' dir='ltr'>delectatus.</span> 
     </span>
    </p>
   </div>
  </div>
 </body>
</html>
