2242 3600
270 180 363 217 122
639 161 1033 215 IOHANNI
1092 162 1201 214 DE
1256 160 1737 216 CERTALDO

264 293 382 345 alias
407 312 550 346 curas
575 312 744 345 versus
770 306 824 344 et
841 291 1073 356 ,familiae
1092 291 1356 357 sollicituS,
1380 292 1545 356 cessit,
1566 291 1652 343 ille
1676 291 1884 344 obstitit
1905 305 1958 344 et
1979 306 2098 344 tum*

264 378 622 431 vehementius
677 391 867 448 coepto
918 377 1179 443 incubuit,
1234 378 1470 429 omnium
1525 377 1784 446 negligens
1837 377 2097 448 soliusque

265 466 432 516 famae
454 464 689 534 cupidus.
749 465 814 515 In
836 482 942 534 quo
962 463 1110 516 illum
1132 464 1250 516 satis
1274 463 1447 515 mirari
1469 476 1523 515 et
1544 462 1754 515 laudare
1775 463 1860 515 vix
1881 463 2107 527 valeam„

266 568 424 619 quem
444 569 549 601 non
568 549 760 601 civium
778 549 983 614 iniuria,
1004 569 1110 601 non
1128 562 1421 619 paupertas,
1442 568 1548 600 non
1565 548 1894 601 simultatum
1913 548 2096 614 aculei,

194 653 243 694 45
266 655 372 699 non
399 655 543 688 amor
578 635 826 704 coniugiS,
856 654 961 686 non
993 649 1237 688 natorum
1263 635 1431 708 pietas„
1455 634 1518 686 ab
1547 648 1754 704 arrepto
1789 634 1946 686 semel
1972 633 2100 686 calle

266 722 578 786 distraxerit,
615 740 734 773 cum
771 721 925 773 multi
961 740 1118 791 quam
1154 722 1327 789 magni
1363 735 1471 772 tam
1507 720 1714 772 delicati
1747 720 1942 790 ingenii
1974 719 2097 784 sint,

264 822 324 859 ut
361 807 424 859 ab
459 808 755 860 intentione
792 807 949 858 animi
984 807 1097 860 leve
1130 807 1241 859 illos
1278 825 1515 859 murmur
1551 820 1786 870 avertat3
1843 805 1988 876 quod
2021 805 2100 857 his

264 894 566 945 familiarius
595 894 787 958 evenit,
811 893 901 963 qui
925 894 1150 945 numeris
1171 892 1350 945 stilum
1371 894 1654 974 stringunt,
1678 891 1866 963 quibus
1894 891 2101 962 praete'r

263 981 564 1045 sententias,
607 994 813 1050 praeter
853 979 1027 1044 verba,
1067 980 1342 1032 iuncturae
1382 979 1507 1031 olim
1547 980 1783 1044 intentis,
1825 992 1878 1030 et
1920 978 2100 1048 quiete

195 1088 243 1127 50
265 1081 387 1119 ante
422 1066 547 1119 alios
580 1080 633 1118 et
669 1066 874 1118 silentio
909 1085 1039 1136 opus
1074 1079 1165 1118 cst.
1236 1065 1492 1134 Qdiosum
1526 1084 1648 1134 ergo
1680 1064 1939 1134 simulque
1972 1063 2098 1116 ridi-

265 1152 443 1204 culum
476 1152 720 1221 intelligis
755 1152 937 1220 odium
970 1171 1148 1204 meum
1183 1171 1300 1220 erga
1331 1151 1481 1204 illum
1514 1151 1685 1203 nescio
1718 1169 1846 1220 quos
1879 1150 2099 1214 finxisse,

267 1257 405 1303 cum,
434 1252 494 1290 ut
520 1238 679 1303 vides,
706 1238 815 1304 odii
842 1238 1058 1290 materia
1085 1237 1225 1289 nulla
1250 1237 1334 1302 sit,
1363 1237 1546 1289 amoris
1575 1250 1750 1288 autem
1777 1235 2019 1306 plurima,
2046 1247 2100 1287 et

265 1325 433 1394 patria
466 1323 663 1377 scilicet
690 1338 742 1375 et
768 1337 985 1393 paterna
1011 1323 1257 1388 amicitia,
1278 1335 1331 1374 et
1355 1322 1641 1391 ingenium,
1669 1335 1722 1374 et
1747 1320 1910 1387 stilus,
1935 1320 1991 1372 in
2007 1339 2101 1372 suo

265 1430 452 1479 genere
475 1410 724 1480 optimuS,
747 1410 839 1480 qui
859 1409 1008 1462 illum
1032 1429 1059 1460 a
1083 1422 1395 1479 contemptu
1415 1408 1521 1460 late
1542 1421 1770 1478 praestat
1790 1407 2100 1460 immunem.

195 1510 243 1552 55
336 1498 408 1549 Ea
436 1517 559 1550 vero
588 1496 718 1548 mihi
747 1496 982 1549 obiectae
1010 1495 1297 1548 calumniae
1325 1515 1438 1565 pars
1469 1495 1628 1547 altera
1656 1496 1844 1559 fuerat,
1874 1493 2017 1546 cuius
2045 1493 2102 1545 in

268 1597 640 1653 argumentum
695 1583 939 1648 trahitur,
994 1582 1138 1652 quod
1191 1601 1218 1633 a
1270 1582 1437 1652 prima
1490 1595 1677 1646 aetate,
1731 1599 1864 1650 quae
1917 1578 2101 1631 talium

269 1669 599 1740 cupidissima
619 1689 723 1721 esse
742 1669 890 1734 solet,
912 1689 1007 1740 ego
1026 1668 1281 1721 librorum
1301 1669 1439 1721 varia
1458 1667 1795 1737 inquisitione
1816 1665 2103 1718 delectatus

250 1775 540 1826 <¹,nunquam
574 1755 770 1808 librum
805 1755 941 1807 illius
977 1754 1278 1823 habuerim,
1301 1768 1354 1807 et
1391 1753 1775 1806 ardentissimus
1809 1771 2012 1822 semper
2046 1752 2104 1804 in

269 1842 496 1912 reliquis,
533 1862 758 1912 quorum
794 1862 957 1912 paene
992 1841 1133 1894 nulla
1166 1861 1277 1911 spes
1312 1853 1594 1911 supererat,
1631 1842 1686 1893 in
1719 1839 1819 1891 hoc
1854 1857 1961 1891 uno
1993 1839 2105 1891 sine

199 1936 248 1974 60
272 1928 583 1981 difficultate
625 1928 842 1998 parabili
886 1948 1021 1981 novo
1065 1928 1294 1998 quodam
1339 1947 1433 1979 nec
1475 1946 1592 1979 meo
1636 1945 1780 1978 more
1823 1924 2100 1995 tepuerim.

267 2015 493 2085 *Factum
538 2017 723 2080 fateor,
768 2014 857 2066 sed
893 2034 954 2066 eo
989 2033 1096 2084 quo
1130 2015 1216 2066 isti
1260 2013 1446 2066 volunt
1482 2014 1656 2065 animo
1704 2013 1905 2064 factum
1951 2029 2102 2080 nego,

271 2087 463 2154 Eidem
485 2090 758 2154 tunc-*stilo
786 2100 992 2153 deditus
1015 2100 1217 2173 vulgari
1253 2100 1461 2170 eloquio
1478 2099 1754 2169 'ingenium
1781 2097 2101 2150 exercebam.

270 2188 419 2240 Nihil
454 2187 602 2240 rebar
638 2187 938 2256 elegantiUS,
974 2186 1199 2239 necdum
1237 2186 1387 2238 altius
1423 2186 1642 2255 aspirare
1678 2183 1978 2249 didiceram,
2006 2182 2105 2236 sed

271 2275 483 2326 verebar
518 2293 600 2338 ne,
636 2274 674 2325 si
708 2274 859 2325 huius
895 2287 986 2325 aut
1021 2273 1228 2325 alterius
1264 2271 1414 2324 dictis
1447 2270 1725 2335 imbuerer,
1761 2283 1821 2322 ut
1856 2283 1932 2322 est
1966 2282 2102 2322 aetas

200 2368 247 2419 65
268 2360 355 2411 illa
406 2358 642 2411 flexibilis
694 2373 747 2411 et
798 2359 1033 2411 miratrix
1083 2359 1340 2424 omnium,
1390 2356 1472 2410 vel
1521 2357 1717 2410 invitus
1767 2376 1824 2408 ac
1875 2356 2104 2411 nesciens
2148 2377 2150 2379 ’

257 2448 514 2516 2311&sssz
550 2445 837 2498 evaderem.
914 2445 1089 2510 Quod,
1133 2460 1193 2497 ut
1235 2459 1344 2498 erat
1385 2445 1582 2496 animus
1625 2444 1768 2495 annis
1809 2442 2102 2508 audentior,

272 2532 597 2601 indignabar,
631 2546 945 2602 tantumque
975 2532 1195 2584 fiduciae
1223 2551 1311 2583 seu
1341 2530 1586 2591 elationis,
1604 2529 1875 2582 indueram
1905 2542 1966 2581 ut
1993 2529 2104 2582 sine

272 2619 576 2687 cuiusquam
602 2618 831 2671 mortalis
858 2618 1064 2683 auxilio,
1089 2618 1144 2669 in
1169 2637 1229 2669 eo
1252 2636 1438 2686 genere
1463 2615 1527 2668 ad
1551 2631 1727 2668 meum
1752 2630 1805 2668 et
1829 2615 2102 2691 proprium

271 2703 553 2775 quemdam
574 2704 792 2756 modum
811 2705 1155 2757 suffecturum
1176 2704 1304 2755 mihi
1323 2703 1590 2772 ingenium
1611 2702 1903 2754 arbitrarer.
1941 2700 2101 2761 Quod

203 2811 250 2850 70
271 2810 429 2862 quam
455 2810 573 2843 vere
599 2791 908 2843 crediderim
935 2791 1019 2842 alii
1043 2790 1294 2843 iudicent.
1355 2790 1472 2842 Hoc
1497 2808 1662 2841 unum
1688 2808 1794 2841 non
1819 2786 2100 2852 dissimulo,

275 2878 419 2949 quod
456 2878 495 2929 si
535 2877 664 2947 quid
701 2877 755 2928 in
794 2897 855 2929 eo
893 2896 1126 2930 sermone
1166 2896 1192 2928 a
1231 2895 1314 2928 me
1353 2875 1554 2927 dictum
1591 2875 1725 2927 illius
1765 2888 1855 2927 aut
1893 2873 2100 2926 alterius

273 2964 578 3033 cuiusquam
598 2962 741 3015 dicto
757 2963 940 3029 simile,
959 2964 1062 3016 sive
1079 2963 1221 3015 idem
1237 2953 1374 3015 forte
1393 2980 1511 3014 cum
1531 2961 1705 3032 aliquo
1722 2961 1788 3013 sit
1805 2961 2101 3026 inventum,

273 3069 380 3119 non
406 3050 461 3101 id
489 3049 673 3101 furtim
714 3063 804 3101 aut
839 3050 1081 3119 imitandi
1108 3049 1393 3127 propositO,
1422 3067 1554 3118 quae
1583 3047 1688 3100 duo
1689 3065 1915 3124 semper
1940 3045 1997 3098 in
2022 3045 2100 3098 his
2132 3038 2135 3041 ’

272 3136 496 3188 maxime
525 3119 819 3216 vulgaribus
850 3151 910 3188 ut
939 3124 1173 3207 scopulos
1205 3135 1474 3199 declinavi,
1503 3134 1592 3186 sed
1621 3113 1703 3187 vel
1731 3153 1847 3186 casu
1865 3115 2101 3185 fortuito

202 3233 247 3275 75
271 3224 471 3296 factum
504 3238 644 3297 esse,
672 3212 756 3276 vel
791 3207 1132 3276 similitudine
1170 3223 1514 3293 ingeniorum,
1557 3236 1616 3275 ut
1655 3221 1834 3275 Tullio
1872 3219 2099 3285 videtur,
