2242 3600
506 205 916 262 BARB'ATO
969 204 1551 262 SVLMON'E'NS'I
1842 212 1946 279 *43

97 324 237 384 631111
266 339 480 396 questus
509 339 604 390 est,
633 338 695 377 ut
718 324 919 385 librum
949 343 1056 376 non
1086 324 1335 394 exiguum
1365 338 1569 383 texeret
1597 325 1948 394 querelarum,

98 411 228 483 quid
252 411 487 470 dicturus
512 411 710 475 fuisset,
734 410 774 463 si
799 410 921 463 Istri
944 411 1166 481 populos
1192 426 1244 463 et
1252 412 1328 486 id
1346 411 1823 482 genus-hominum
1837 411 1948 482 qui,

97 519 200 570 qua
219 518 377 569 vagus
401 499 635 560 Sarmata
656 511 710 550 et
732 497 1022 559 arcitenens
1044 498 1207 550 Getes
1230 498 1417 552 nivosis
1439 487 1687 551 'oberrant
1710 498 1946 564 collibuS,
1968 524 2017 564 35

95 586 162 639 ad
178 586 539 656 occupandam
559 586 713 638 armis
729 585 954 655 patriam
975 604 1120 637 suam
1138 600 1387 638 venturos
1409 586 1517 638 ullo
1539 600 1779 656 tempore
1797 606 1945 656 prae-

93 672 323 737 vidisset,
353 672 419 725 ad
445 692 573 743 quos
601 692 651 724 se
678 670 907 723 Caesaris
934 671 1155 742 imperio
1183 673 1440 742 proficisci
1467 686 1576 724 tam
1609 672 1793 743 iniquo
1821 672 1946 724 tulit

95 760 289 825 animo,
329 775 390 813 ut
429 759 561 813 nihil
598 760 741 813 aliud
778 755 919 825 flere,
959 760 1091 812 nihil
1129 760 1271 812 aliud
1311 759 1595 830 deprecari,
1627 759 1767 812 -nihil
1805 759 1948 813 aliud

92 847 240 919 loqui
273 861 444 918 posset
474 851 491 899 ?
560 847 642 920 [IJe
674 869 815 913 vero,
850 851 1029 914 frater,
1058 849 1188 920 quid
1217 869 1362 905 *nunc
1397 849 1568 906 dicere
1602 847 1823 900 arbitrer
1850 846 1946 899 ista

93 948 415 998 cernentem,
457 945 589 1004 quae
628 954 724 987 nec
739 956 859 1011 figo
898 936 1189 1007 praesentia
1227 936 1335 988 sine
1372 935 1595 987 lacrimis
1635 934 1810 999 audio,
1850 954 1945 986 nec
1966 960 2018 997 40

80 1021 179 1095 ille
220 1022 399 1073 futura
444 1020 553 1073 sine
596 1022 799 1091 gemitu
852 1023 1173 1092 cogitasset?
1254 1023 1318 1074 O>
1345 1022 1574 1075 feliciora
1609 1022 1728 1074 -iam-
1762 1020 1945 1074 saltem

93 1106 314 1160 Nasonis
343 1127 451 1159 ossa
479 1121 693 1160 externa
723 1108 910 1161 tellure.
938 1109 1148 1174 obruta,
1179 1129 1338 1179 quam
1367 1109 1406 1161 si
1434 1109 1633 1179 patriae
1660 1109 1945 1179 pyramidis

91 1195 291 1247 honore
342 1194 556 1247 condita
606 1195 760 1247 huius
813 1195 1064 1266 temporis
1113 1196 1345 1248 ludibrio
1396 1210 1742 1249 servarentur.
1831 1197 1944 1248 Iam

90 1281 453 1353 tranquilliora
509 1281 729 1334 dixerim
784 1283 1054 1353 sepulchra
1108 1282 1247 1335 inter
1303 1284 1500 1335 Istrum
1554 1298 1607 1335 et
1661 1265 1943 1354 Hypanem

92 1388 251 1440 quam
273 1369 410 1421 inter
437 1369 604 1421 Lirim
629 1383 682 1421 et
706 1369 1053 1422 Vulturnum.
1115 1369 1268 1422 Illinc
1292 1370 1497 1422 barbari
1522 1389 1713 1440 magno
1737 1371 1944 1476 agmine
1965 1389 2016 1432 45

92 1455 400 1533 diffugiunt,
428 1456 574 1509 11116
560 1472 885 1527 1rrumpunt.

138 1543 230 1595 At
266 1562 380 1613 ego,
419 1543 547 1595 dum
585 1543 820 1596 dolorem
857 1544 1018 1597 animi
1053 1564 1259 1615 sequor,
1296 1545 1628 1616 propositum
1665 1545 1854 1598 excessi
1889 1560 1943 1598 et

90 1630 347 1684 evehebat
372 1630 595 1700 longius,
623 1631 719 1683 nisi
747 1650 831 1683 me
859 1646 1159 1702 exspectans
1193 1646 1246 1684 et
1280 1633 1463 1685 crebro
1490 1632 1827 1703 interpellans
1859 1633 1944 1685 hic

75 1716 307 1789 ‘nuntius
333 1732 638 1770 revocasset.
703 1718 875 1788 Igitur
903 1719 1044 1771 unde
1073 1719 1400 1771 discesseram
1426 1734 1678 1772 revertor.
1741 1721 1945 1790 Magno

71 1800 240 1876 super
275 1819 328 1857 te
362 1825 554 1876 pavore
589 1820 858 1877 torqueor,
893 1807 982 1858 sed
1015 1806 1146 1859 nihil
1179 1807 1235 1860 in
1268 1826 1352 1859 me
1387 1807 1674 1878 quodipse
1708 1807 1943 1861 noverim
1966 1828 2016 1869 50

58 1891 426 1957 'consiliijest,
470 1892 601 1944 nihil
644 1893 858 1958 auxilii3
923 1894 1044 1964 quia
1088 1894 1267 1946 tamen
1310 1894 1425 1964 plus
1467 1893 1739 1946 interdum
1783 1893 1946 1965 aliqui

92 1993 309 2050 possunt
342 1999 501 2051 quam
533 2000 584 2032 se
616 2000 762 2051 posse
788 1981 1084 2046 confidunt,
1110 1981 1149 2033 si
1176 1981 1306 2052 quid
1330 1981 1385 2033 in
1410 2001 1495 2033 me
1520 1981 1631 2052 opis
1657 1982 1944 2052 agnoveris,

86 2066 199 2119 iure
237 2081 332 2119 tuo
370 2082 535 2120 utere.
610 2068 873 2129 Gratiam,
912 2070 1098 2133 fateor,
1138 2088 1244 2120 non
1283 2068 1603 2122 mediocrem
1641 2069 1784 2141 apud
1814 2069 1943 2136 Σύ·
1990 2085 2079 2130 ΐᾼ,

89 2154 311 2219 bunum,
340 2156 502 2225 stirpe
537 2154 727 2207 humili
762 2155 851 2207 sed
888 2156 1086 2208 excelso
1123 2157 1294 2210 virum
1332 2156 1508 2208 animo
1544 2156 1942 2228 propositoque,

87 2255 141 2293 et
161 2241 302 2313 apud
321 2242 580 2312 populum
600 2243 900 2295 Romanum
919 2243 1106 2308 habeo,
1112 2243 1280 2323 11111115
1299 2245 1541 2314 profecto
1560 2243 1686 2296 meis
1706 2244 1905 2296 meritis
1930 2266 1942 2310 ;
1966 2266 2014 2307 55

86 2328 177 2380 sed
208 2328 353 2381 Deus
385 2329 517 2381 mihi
549 2330 809 2382 malorum
842 2330 960 2382 odia
996 2330 1257 2382 bonorum
1292 2331 1657 2384 benevolentia
1691 2348 1943 2402 compen-

87 2414 246 2480 savit3
284 2435 391 2468 non
419 2416 564 2487 quod
581 2416 663 2469 vel
690 2416 787 2469 illis
815 2417 1104 2482 nocuerim,
1127 2418 1210 2471 vel
1230 2417 1308 2469 his
1335 2418 1645 2488 profuerim,
1667 2418 1749 2471 vel
1777 2419 1943 2471 malus

89 2521 194 2554 esse
237 2502 476 2554 desierim
518 2503 600 2556 vel
642 2503 738 2555 sim
783 2503 986 2569 bonus3
1049 2504 1140 2556 sed
1182 2504 1303 2575 quia
1346 2505 1507 2557 malos
1550 2505 1733 2570 odisse,
1779 2506 1943 2560 bonos

88 2607 260 2641 amare
304 2589 551 2660 disposui,
594 2604 648 2642 et
690 2591 755 2642 ab
798 2590 1008 2643 illorum
1053 2591 1208 2644 turba
1255 2591 1322 2644 ad
1371 2592 1564 2644 horum
1616 2592 1941 2663 paucitatem

87 2695 238 2747 saepe
267 2679 590 2747 transfugere
618 2677 780 2743 volui,
809 2677 849 2730 si
879 2677 1064 2730 datum
1093 2692 1242 2743 esset,
1272 2692 1325 2739 et
1354 2679 1492 2744 v010‚
1514 2679 1562 2731 si
1592 2679 1821 2732 dabitur.
1889 2671 2011 2739 Si'fio

88 2762 218 2834 quid
251 2757 433 2844 rg—Qrf'
447 2763 501 2816 in
535 2764 796 2834 praesenti
832 2764 1133 2823 discrimine*
1163 2765 1306 2836 apud
1339 2768 1600 2836 praefatos
1634 2766 1941 2820 Tribunum

0 2881 11 2885 ν
86 2870 144 2914 ac
177 2850 436 2920 populum
469 2851 711 2921 prodesse
745 2851 845 2903 tibi
877 2851 1175 2905 intercessio
1209 2871 1323 2905 mea
1357 2866 1551 2923 potest,
1586 2873 1705 2908 ecce
1738 2854 1942 2907 animus

86 2950 140 2988 et
164 2936 390 2989 calamus
413 2952 620 3007 praesto
643 2952 783 2990 sunt.
843 2938 935 2990 Est
959 2938 1090 2991 mihi
1112 2954 1381 3009 praeterea
1404 2939 1459 2992 in
1480 2939 1774 3011 longinquo
1798 2954 1851 2993 et
1875 2941 1940 2993 ab

85 3018 173 3089 his
203 3023 436 3076 motibus
475 3044 656 3077 securo
696 3024 879 3077 Italiae
919 3039 1093 3078 tractu
1135 3026 1339 3092 domus,
1379 3047 1536 3096 parva
1576 3026 1811 3098 quidem,
1851 3028 1941 3080 sed

47 3110 292 3182 {Lduobus
343 3130 510 3163 unum
555 3111 791 3164 animum
828 3112 1146 3166 habentibus
1184 3113 1326 3166 nulla
1365 3114 1550 3166 domus
1588 3128 1806 3184 angusta
1843 3101 2242 3182 es‘tt'5652‘hwussr

66 3198 278 3250 'Nullae
304 3198 748 3259 illamdamnosae
773 3199 1005 3264 divitiae,
1029 3200 1118 3252 sed
1142 3202 1285 3275 [nec]
1307 3215 1586 3271 paupertas
1611 3221 1706 3254 nec
1730 3201 1937 3272 cupidi-

87 3299 183 3351 tas,
203 3284 373 3375 l5i-belli
405 3300 583 3338 autem
616 3286 1021 3339 innumerabiles
1061 3287 1381 3340 inhabitant.
1457 3288 1604 3341 Haec
1644 3289 1805 3341 modo
1846 3309 1937 3344 nos
