2242 3600
717 179 1021 232 MODIO
1073 177 1526 230 PARMENSI
1936 197 2032 251 147

253 308 539 379 Reliquum
576 323 653 361 est
688 322 750 361 ut
777 326 955 377 rogem
982 305 1176 380 reculas
1201 305 1310 358 illas
1337 324 1474 358 meas
1497 306 1662 371 vobis,
1690 307 1852 358 frater
1877 307 2031 358 caris-

181 395 328 460 sime,
355 414 509 447 curae
548 415 669 460 esse,
700 397 742 447 si
780 408 946 448 vacat.
1027 392 1224 445 Saltem
1261 396 1439 448 Vitam
1476 395 1787 458 Solitariam,
1824 413 1959 463 quae
1992 395 2034 446 si

185 482 496 552 transcripta
533 482 650 546 erit,
687 495 749 533 ut
782 499 950 550 sper0,
979 480 1231 531 minietur
1267 479 1567 549 ligeturque
1600 478 1904 532 solemniter
1939 499 2033 550 per

182 567 502 636 Magistrum
554 567 919 631 Benedictum,
970 580 1024 618 et
1075 566 1324 618 11111131111
1371 565 1437 617 ad
1482 584 1567 632 me
1591 565 1939 641 exemplum
1979 580 2032 617 et
2056 585 2101 626 25

181 653 447 723 exemplar
482 653 760 723 diligenter
797 671 974 722 panno
1009 670 1159 704 cereo
1177 639 1442 704 obvoluta
1475 653 1616 704 inter
1647 651 1803 703 ballas
1837 652 2032 704 Iohan-

182 738 306 791 nolo
326 739 392 791 de
411 739 614 804 Como;
657 753 711 791 et
738 738 1003 808 quidquid
1028 756 1158 808 opus
1178 738 1340 790 fuerit
1362 738 1428 790 ad
1454 738 1581 791 haec
1599 737 1766 791 solvet
1789 737 2031 790 dominus

181 824 478 890 DanisoluS,
511 842 564 879 et
605 822 647 877 F
650 824 957 877 ranciscolus
990 843 1134 877 meus
1172 824 1362 894 diriget
1400 844 1490 878 vos
1528 826 1584 877 in
1621 825 1718 890 his,
1751 825 1844 895 qui
1881 844 2031 895 prae-

181 910 348 963 dictos
381 912 570 963 amicos
598 930 738 963 meos
771 910 906 962 bene
931 911 1097 963 novit.
1163 910 1309 975 Vale,
1336 911 1550 976 iterum,
1578 926 1632 963 et
1659 925 1891 982 pensate,
1920 931 2031 977 oro,

180 1017 288 1050 non
330 999 795 1068 importunitatem
840 997 931 1050 sed
976 997 1224 1049 fiduciam
1276 1016 1465 1050 meam.
1537 998 1662 1050 Post
1713 998 1840 1050 haec
1886 999 2032 1051 venit
2055 1019 2105 1057 30

180 1085 517 1152 Bergaminus
556 1098 611 1136 et
653 1084 905 1154 loquutus
945 1098 1022 1136 est
1062 1102 1271 1136 mecum
1311 1083 1496 1149 multa,
1537 1103 1697 1155 quem
1743 1104 1772 1136 e
1814 1085 2032 1154 vestigio

178 1171 464 1223 remittam.
552 1169 821 1241 Scriptum
883 1171 983 1223 hoc
1037 1191 1105 1224 1x.
1147 1170 1472 1223 Decembris,
1568 1170 1730 1223 Aliud
1788 1170 2033 1223 dominae

91 1320 96 1325 ῃ
178 1275 464 1327 meumque
498 1257 702 1323 vulnus,
730 1259 902 1310 fratris
942 1259 1067 1323 eius,
1095 1258 1187 1328 qui
1223 1271 1276 1309 et
1315 1258 1425 1337 ipse‘
1457 1256 1698 1338 dominus
1736 1276 1881 1310 meus
1919 1272 2031 1310 erat

179 1343 590 1412 benignissimus,
618 1344 964 1396 miserabilem
991 1363 1166 1396 casum
1194 1363 1300 1396 non
1326 1336 1404 1396 fui
1438 1363 1586 1395 ausus
1620 1345 1675 1395 in
1707 1344 1896 1396 litteris
1923 1345 2030 1396 eius

154 1431 453 1499 gattingere.
515 1431 674 1484 Heu!
734 1432 854 1484 satis
895 1431 1091 1501 absque
1123 1430 1210 1483 illa
1247 1450 1386 1483 nunc
1414 1431 1701 1483 accessione
1731 1432 2030 1500 gemituum
2052 1445 2101 1488 35

179 1531 307 1570 erat.

565 1729 821 1788 Iohanni
849 1730 918 1789 de
950 1729 1240 1790 CertaldO.
1313 1729 1439 1789 Sen.
1474 1729 1555 1788 iii.
1588 1728 1644 1789 6.

184 1867 415 1998 DVM
443 1865 517 1918 nil
545 1867 737 1918 serium
767 1866 914 1936 quod
942 1866 1222 1919 scriberem
1253 1866 1469 1932 adesset,
1498 1881 1551 1918 et
1582 1866 1801 1918 omnino
1830 1866 2030 1936 aliquid

301 1954 525 2006 scribere
544 1972 688 2006 mens
711 1967 864 2018 esset,
886 1953 1032 2024 quod
1053 1954 1336 2005 memoriae
1361 1953 1662 2023 proximum
1683 1953 1788 2005 fuit
1817 1953 2028 2023 arripui.

175 2040 287 2092 Leo
316 2055 522 2105 -noster,
563 2060 683 2094 vere
724 2039 963 2105 Calaber,
1005 2040 1097 2092 sed
1138 2055 1200 2093 ut
1244 2041 1353 2110 ipse
1393 2039 1509 2093 vult
1549 2039 1843 2105 Thessalus,
1869 2041 2031 2110 ⁴quasi

176 2126 399 2179 nobilius
429 2127 497 2178 sit
530 2127 795 2179 Graecum
831 2146 937 2179 esse
966 2146 1126 2197 quam
1163 2126 1378 2192 Italum,
1411 2126 1553 2178 idem
1586 2141 1765 2178 tamen
1796 2140 1857 2179 ut
1890 2127 2031 2197 apud

177 2232 268 2265 nos
294 2213 526 2266 Graecus
561 2214 646 2279 sit,
679 2213 822 2284 apud
855 2213 967 2266 illos
1000 2228 1135 2285 puto
1167 2213 1349 2279 Italus,
1377 2232 1485 2284 quo
1515 2213 1712 2279 sci-licet
1745 2213 2031 2284 utrobique
2052 2228 2075 2268 5

176 2299 448 2369 peregrina
473 2299 787 2351 nobilitetur
813 2300 1013 2369 origine
1035 2321 1049 2364 3
1094 2300 1217 2351 hinc
1242 2299 1371 2365 Leo,
1396 2301 1631 2370 inquam,
1657 2299 2031 2371 undecumque

176 2405 362 2455 magna
398 2386 587 2452 bellua,
624 2406 709 2438 me
748 2386 979 2452 nolente,
1014 2388 1314 2457 frustraque
1349 2386 1439 2438 diu
1475 2406 1532 2438 ac
1567 2386 1800 2439 multum
1836 2386 2028 2439 dissua-

175 2473 353 2538 dente,
386 2473 870 2546 surdiormsffippffll-is,
898 2473 965 2537 ad
988 2473 1289 2544 .un§-.irbat,
1325 2487 1480 2525 tuum
1513 2488 1633 2544 post
1666 2472 1873 2526 abitum
1905 2474 2027 2526 hinc

174 2559 322 2612 abiit.
382 2560 539 2611 Nosti
558 2560 904 2619 hominemlet
926 2579 1011 2612 me
1035 2561 1200 2625 nosti;
1235 2579 1299 2612 an
1316 2561 1355 2612 is
1381 2561 1597 2627 tristior,
1615 2580 1682 2614 an
1704 2580 1802 2629 ego
1822 2559 2026 2625 laetior,

175 2646 319 2699 haud
352 2646 504 2698 facile
537 2646 750 2700 iudices.
822 2647 1031 2716 Itaque,
1067 2648 1262 2701 veritus
1298 2666 1365 2699 ne
1398 2647 1647 2700 convictu
1682 2646 1885 2699 assiduo
1918 2648 2025 2699 for·
2050 2667 2097 2694 10

176 2732 317 2784 tassis
344 2731 583 2783 inficeret
611 2738 709 2809 §est
737 2751 890 2801 emm
899 2752 1071 2810 11111111
1052 2732 1413 2808 §gr—tudo
1395 2752 1505 2805 11011
1530 2734 1707 2803 minus
1713 2734 2049 2811 contagiosa

164 2837 335 2890 qua—111-
359 2819 608 2888 corporis)
636 2818 779 2871 abire
798 2838 970 2889 passus
995 2838 1128 2886 sum,
1151 2819 1218 2872 ad
1241 2838 1402 2890 quem
1417 2800 1718 2873 tenendum
1744 2819 1844 2872 alio
1864 2838 2024 2890 quam

174 2924 392 2975 precum
404 2905 615 2958 vinculo
633 2925 763 2975 opus
783 2920 930 2971 esset,
951 2906 1076 2958 dato
1094 2907 1168 2958 illi
1185 2907 1298 2960 viae
1316 2907 1512 2959 comite
1528 2908 1731 2959 comico
1747 2907 2021 2973 Terentio,

144 3004 147 3009 ’
170 3011 279 3062 quo
303 2991 683 3044 incredibiliter
705 2992 952 3045 delectari
974 3012 1095 3045 eum
1117 2993 1606 3059 animadverteram,
1630 3013 1783 3064 saepe
1802 3009 2020 3064 stupens

147 3075 302 3146 ‚quid
327 3094 610 3127 commune
633 3075 826 3127 habere
851 3091 1023 3146 posset
1049 3076 1239 3129 Graius
1264 3077 1351 3129 ille
1377 3078 1745 3129 moestissimus
1771 3096 1894 3129 cum
1919 3077 2018 3129 hoc
2048 3095 2090 3136 15

167 3162 301 3215 Afro
335 3161 726 3214 iucundissimo.
802 3161 884 3214 Sic
923 3182 951 3214 e
987 3177 1171 3215 contra
1203 3163 1345 3215 nulla
1382 3178 1531 3215 tanta
1561 3163 1855 3215 similitudo
1885 3182 2021 3233 quae

168 3268 277 3301 non
302 3248 503 3320 aliquid
529 3248 832 3301 dissimulet.

1050 3352 1137 3388 Lz
