2242 3600
249 160 318 213 60
805 168 820 182 ’-
877 160 1255 215 SOCRATI
1313 162 1472 216 SVO

249 309 314 342 ne
330 288 583 342 iudicium
606 291 823 342 affectus
840 289 1113 360 impediat,
1135 290 1351 344 ubinam
1373 292 1699 346 commodius
1721 294 1891 347 futuri
1911 295 2086 348 simus.

150 375 227 447 {70
245 375 524 448 Nusquam
557 375 686 427 adeo
717 374 976 438 radicatus
996 395 1140 444 sum,
1174 377 1302 448 quin
1324 376 1528 452 §blando
1559 377 1891 455 Ροῌγ,ἱρεςῖὼίῖιρηἰῆἰἢ
1900 381 2088 435 amoris

147 450 156 520 ζ
221 448 399 528 r*avelli
433 459 621 532 possim
640 481 659 530 νξ
714 480 819 531 quo
854 459 971 524 tibi,
1006 460 1060 513 ni
1092 461 1261 528 fallor,
1293 463 1640 535 scrupulosius
1674 465 1980 520 trutinanda
2011 486 2092 520 res

249 560 343 598 est.
410 546 545 599 Vide
576 546 616 599 si
649 566 751 618 qua
782 559 859 598 est
891 545 973 598 via
1006 566 1138 618 quae
1170 568 1365 619 sparsos
1396 549 1663 621 recolligat
1690 551 1912 618 amicos3
1946 552 2091 625 quod

249 631 288 684 si
325 632 465 686 nulla
502 646 596 698 est,
633 651 735 697 me,
772 651 883 698 οπο,
919 632 1022 685 iarn
1059 635 1275 688 tandem
1313 650 1472 709 teque
1507 637 1678 708 ipsum
1713 638 1815 691 hoc
1851 639 2092 710 expedias

247 718 425 771 labore
447 740 460 783 3
509 733 562 771 et
593 719 736 791 quod
765 718 910 771 nullo
937 719 1102 773 sidere
1129 721 1489 792 prohibemur,
1519 724 1622 777 tuis
1649 724 1704 777 in
1730 724 1920 778 litteris
1947 738 2009 779 ut
2037 739 2092 778 te

184 823 229 866 75
249 804 454 857 videam
500 819 760 875 praestes;
819 824 940 857 nam
978 819 1039 859 tu
1080 805 1134 859 in
1176 807 1301 861 meis
1339 827 1423 861 me
1461 824 1572 863 tam
1609 810 1792 864 crebro
1831 811 1994 878 videS,
2030 825 2092 870 ut

252 890 347 943 nisi
396 891 579 944 caritas
628 905 837 962 superet
894 891 998 944 iam
1058 892 1247 964 possim
1310 894 1409 947 tibi
1469 916 1573 950 esse
1607 897 1864 951 fastidio,
1947 897 2094 950 Vale.

253 995 323 1030 ιν.
353 977 477 1032 Idus
505 978 745 1043 Martias,
770 978 1007 1031 Veronae
1032 978 1229 1051 [1350]

758 1202 985 1262 Amicis
1011 1204 1147 1262 suis.
1219 1202 1385 1264 Fam.
1418 1205 1495 1266 ix.
1529 1224 1583 1284 3.

373 1325 721 1387 ELIQVIAE
754 1347 845 1380 nos
873 1327 1131 1382 malorum
1164 1342 1404 1382 veterum
1438 1343 1718 1395 exercent3
1763 1331 2094 1384 honestatem

373 1413 609 1484 profiteri
645 1414 885 1467 volumus
904 1415 1299 1484 ,nec-valemusg
1366 1416 1527 1469 Nulla
1556 1415 1705 1469 nobis
1739 1416 1804 1468 de
1836 1417 2096 1488 praesenti

252 1490 402 1559 fides(
423 1499 693 1571 praeteriti
736 1501 986 1573 temporis
1028 1501 1276 1573 opinione
1319 1501 1694 1556 laborantibus.
1782 1503 2096 1574 Importune

253 1569 398 1639 sores¹
422 1586 627 1640 obsidet
664 1587 846 1653 amica,
883 1602 936 1641 et
973 1589 1172 1660 saepius
1208 1588 1353 1660 pulsa
1387 1589 1670 1643 revertitur
1705 1603 1866 1662 atque
1900 1589 2096 1644 insidiis

207 1693 229 1734 5
253 1692 454 1744 pernox
482 1673 631 1726 latet.
701 1675 844 1727 Iures
877 1675 1132 1728 coelibem
1166 1689 1219 1729 te
1252 1695 1401 1746 agere
1432 1675 1596 1729 vitam
1628 1676 1777 1742 velle,
1810 1676 2095 1748 praelatam

252 1758 349 1812 sibi
393 1759 609 1813 alteram
652 1761 849 1827 credet,
887 1775 948 1814 ut
987 1762 1071 1815 cui
1116 1776 1169 1814 et
1211 1761 1507 1833 incognitus
1545 1762 1859 1828 coelibatus‚·
1885 1776 1939 1815 et
1976 1783 2094 1834 per-

253 1865 459 1899 suasum
509 1846 574 1898 sit
626 1861 680 1899 te
729 1847 838 1900 vita
888 1847 1042 1902 simul
1091 1862 1145 1901 et
1196 1848 1422 1902 feminae
1472 1848 1735 1902 consortio
1785 1848 2094 1903 cariturum.

255 1931 490 1986 Comites
535 1933 740 2006 antiqui
783 1934 1253 1988 limen‘assuetum
1297 1935 1504 2006 agmine
1546 1937 1688 1988 facto
1733 1935 2103 2002 circumstant,-

254 2034 492 2085 evocant‚
538 2020 894 2093 interpellant,
942 2022 1082 2083 diem
1127 2025 1321 2076 festum
1366 2036 1420 2075 et
1466 2011 1790 2079 conventum
1835 2022 2093 2077 nobilium

188 2131 234 2159 10
255 2121 613 2160 matronarum
655 2107 809 2161 alacri
850 2109 1075 2162 clamore
1117 2109 1453 2163 denuntiant.
1533 2109 1833 2181 Respondes
1874 2123 1929 2162 te
1970 2107 2095 2163 talia

254 2212 361 2246 non
411 2198 628 2247 amare?
711 2194 947 2259 Primum
998 2195 1217 2249 attoniti
1272 2195 1549 2261 mirantur,
1596 2215 1719 2250 mox
1768 2195 1989 2250 irrident
2039 2210 2094 2249 et

252 2279 443 2332 iniecta
472 2298 631 2333 manu
660 2281 979 2350 protrahunt
1011 2301 1117 2352 quo
1146 2282 1294 2348 nolis,
1324 2297 1384 2336 ut
1415 2282 1506 2355 qui
1534 2296 1767 2336 mutatos
1794 2284 2011 2337 affectus
2039 2298 2094 2337 et

253 2366 545 2437 proximam
576 2381 928 2435 senectutem,
969 2387 1127 2439 quam
1166 2369 1312 2424 inse
1349 2368 1661 2422 iuvenilibus
1700 2369 1872 2423 adhuc
1910 2370 2096 2423 animis

254 2471 360 2506 non
388 2453 690 2519 advertunt,
719 2473 813 2507 nec
840 2454 895 2510 in
923 2454 1212 2508 coaetaneis
1239 2455 1583 2527 suspicantur.
1645 2455 2012 2510 Procuratores
2038 2471 2094 2510 et

188 2558 232 2601 ¹5
253 2539 326 2592 rei
359 2539 672 2592 domesticae
704 2540 928 2593 ministri
961 2541 1161 2594 damnis
1192 2541 1315 2594 hinc
1346 2541 1662 2595 instantibus
1694 2543 2094 2610 accurrendum,

253 2626 376 2679 hinc
426 2626 718 2697 praeteritis
768 2628 1178 2681 succurrendum
1229 2628 1527 2681 consulunt.
1615 2628 1913 2699 Ingererem
1962 2629 2094 2683 illud

254 2713 624 2783 Anaxagorae:
681 2716 694 2738 ⁶
717 2733 823 2766 non
858 2733 1017 2767 essem
1052 2735 1147 2784 ego
1181 2715 1364 2780 salvuS,
1399 2713 1496 2766 nisi
1528 2713 1624 2766 ista
1659 2714 1969 2784 periissent,’
2001 2729 2094 2769 aut

253 2800 610 2853 simulatorem
641 2814 732 2853 aut
763 2800 1002 2855 insanum
1033 2816 1246 2872 putant.
1313 2799 1484 2854 Amici
1515 2800 1709 2871 partim
1740 2801 1962 2855 residem
1993 2801 2091 2856 sol-

252 2887 459 2940 licitant
505 2901 559 2939 et
606 2886 747 2939 mille
792 2887 896 2941 vias
943 2887 1243 2941 ambitionis
1290 2885 1451 2959 atque
1496 2887 1741 2940 avaritiae
1786 2888 2094 2955 ostendunt,

187 2991 235 3023 20
254 2973 514 3027 utendum
542 2987 797 3044 tempore,
825 2988 878 3026 et
905 2973 1227 3027 occasionem
1254 2976 1498 3027 fortunae
1523 2973 1745 3045 impigre
1769 2974 2092 3046 rapiendam.

252 3061 562 3113 Testantem
606 3076 815 3130 superos
867 3060 1014 3113 bonis
1065 3060 1287 3132 propriis
1336 3073 1649 3114 contentum
1701 3080 1804 3113 esse
1847 3078 1962 3131 pars
2004 3081 2093 3115 ve-

251 3147 465 3200 cordem
518 3144 774 3217 nihilique
824 3146 1095 3200 hominem
1149 3146 1371 3211 fastidit,v
1423 3166 1538 3217 pars
1591 3148 1768 3199 fronte
1819 3146 2092 3201 consilium

252 3234 534 3299 occultare,
573 3252 637 3285 ne
688 3232 802 3303 quis
853 3233 948 3285 sibi
999 3248 1182 3303 pectus
1234 3232 1549 3286 monstranti
1601 3247 1845 3304 quaestus
1890 3247 2094 3304 partem
