2242 3600
241 177 341 230 206
707 177 1100 229 IOHANNI
1160 176 1610 230 BOCCATIO

240 305 480 375 quotiens
507 305 711 371 vellem,
738 324 843 358 non
868 305 977 357 sine
1006 304 1280 376 voluptate
1306 318 1615 375 repeterem,
1642 320 1695 359 et
1721 307 1893 360 amicis
1919 321 1981 361 ut
2007 307 2068 362 fit

239 391 693 445 confabulantibus
723 409 1057 457 renarrarem‚
1083 391 1124 443 si
1151 390 1364 462 quando
1390 391 1493 444 tale
1519 391 1717 463 aliquid
1741 393 2021 448 incidisset.

167 500 218 545 35
307 478 467 538 Quod
487 497 608 531 cum
630 478 774 531 brevi
795 477 1135 548 postmodum
1155 479 1388 531 fecissem
1408 491 1716 550 gratamque
1736 479 2071 534 audientibus

239 564 607 633 cognovissem,
633 563 809 616 subito
837 563 949 616 talis
980 563 1444 634 interloquendum
1472 566 1587 639 [sic]
1614 566 1864 641 cogitatio
1886 584 2065 637 super-

239 650 401 714 venit,
438 650 548 701 fieri
578 669 724 719 posse
755 664 815 702 ut
855 651 1017 702 nostri
1049 652 1219 714 etiamv
1241 651 1499 723 sermonis
1523 652 1737 721 ignaros&
1757 666 1866 704 tam
1907 652 2068 706 dulcis

238 736 452 789 historia
491 735 790 802 delectaret,
831 724 952 788 cum
995 750 1047 789 et
1087 737 1216 788 mihi
1260 756 1464 807 semper
1510 751 1632 790 ante
1677 738 1868 791 multos
1909 758 2068 793 annos

241 823 419 875 audita
448 822 739 893 placuisset,
767 837 819 875 et
847 823 945 876 tibi
971 842 1135 893 usque
1161 823 1290 874 adeo
1315 823 1563 893 placuisse
1588 824 1985 894 perpenderem,
2010 841 2073 879 ut

168 939 219 976 40
240 909 438 978 vulgari
460 927 573 961 eam
597 909 718 962 stilo
746 923 840 962 tuo
861 910 1114 962 censueris
1142 929 1247 961 non
1273 910 1542 979 indignam
1570 924 1622 962 et
1650 911 1754 962 fine
1775 911 1959 981 operiS‚
1981 911 2074 966 ubi

241 996 514 1047 rhetorum
541 995 809 1066 disciplina
832 995 1081 1049 validiora
1106 995 1371 1065 quaelibet
1397 996 1636 1048 collocari
1660 997 1825 1049 iubet.
1887 997 2077 1069 Itaque

242 1082 326 1133 die
373 1082 602 1151 quodam
638 1082 777 1134 inter
823 1083 986 1134 varios
1037 1083 1292 1151 cogitatus
1330 1083 1563 1135 animum
1600 1101 1745 1135 more
1777 1083 1931 1137 solito
1976 1084 2077 1137 dis-

241 1181 528 1238 cerpenteS,
560 1182 613 1220 et
641 1167 738 1220 illis
770 1182 822 1220 et
853 1168 998 1234 mihi,
1030 1183 1091 1220 ut
1120 1170 1190 1220 sic
1221 1169 1456 1234 dixerim,
1486 1170 1663 1235 iratUS,
1694 1170 1807 1223 vale
1835 1170 2077 1224 omnibus

241 1253 307 1306 ad
352 1268 559 1324 tempus
605 1254 765 1320 dict0,
801 1254 1070 1317 calamum
1114 1255 1363 1324 arripiens
1404 1255 1675 1307 historiam
1720 1259 1883 1326 ipsam
1929 1271 2076 1310 tuam

168 1359 218 1402 45
242 1339 464 1394 scribere
486 1359 603 1393 sum
630 1360 905 1410 aggressUS,
935 1355 988 1394 te
1020 1341 1162 1393 haud
1189 1341 1348 1394 dubie
1372 1342 1669 1410 gavisurum
1700 1361 1905 1412 sperans
1933 1342 2076 1396 ultro

242 1445 417 1479 rerum
452 1427 797 1497 interpretem
835 1446 918 1479 me
956 1442 1166 1480 tuarum
1202 1429 1330 1480 fore.
1404 1427 1563 1487 Quod
1600 1447 1706 1480 non
1741 1428 1892 1481 facile
1927 1428 2076 1482 alteri

243 1514 558 1583 cuicumque
583 1514 949 1584 praestiterim,
980 1514 1085 1582 egit
1114 1532 1198 1565 me
1226 1514 1304 1566 tui
1332 1531 1477 1565 amor
1505 1527 1557 1565 et
1584 1513 1844 1567 historiae.

311 1599 395 1651 Ita
426 1613 619 1665 tamen,
653 1619 718 1651 ne
748 1600 1100 1652 Horatianum
1130 1599 1262 1651 illud
1291 1599 1527 1669 poeticae
1557 1600 1678 1651 artis
1710 1600 2073 1655 obliviscerer:

241 1687 255 1710 ‘
275 1687 389 1738 Nec
415 1685 636 1739 verbum
657 1686 817 1739 verbo
839 1686 1037 1738 curabis
1066 1685 1283 1738 reddere
1308 1685 1440 1737 fidus
1469 1686 1732 1755 Interpres
1753 1689 1783 1752 ',
1806 1687 2076 1741 historiam

172 1794 223 1837 50
243 1785 390 1824 tuam
427 1773 550 1824 meis
587 1773 752 1826 verbis
790 1773 1031 1843 explicui,
1070 1773 1233 1824 immo
1270 1771 1458 1823 alicubi
1508 1785 1599 1824 aut
1649 1773 1823 1842 paucis
1873 1773 1929 1826 in
1967 1774 2078 1845 ipsa

243 1859 539 1912 narratione
580 1859 793 1911 mutatis
845 1859 1012 1912 verbis
1058 1872 1149 1911 aut
1196 1858 1402 1923 additis,
1446 1857 1591 1928 quod
1633 1872 1688 1910 te
1728 1878 1836 1911 non
1872 1860 2076 1913 ferente

244 1945 403 1997 modo
434 1945 524 1997 sed
554 1946 764 1998 favente
795 1945 905 1997 fieri
937 1944 1165 2010 credidi3
1201 1944 1482 2015 quaelicet
1513 1963 1541 1995 a
1574 1943 1751 1997 multis
1783 1958 1836 1998 et
1863 1944 2076 1999 laudata

243 2045 296 2083 et
333 2032 564 2101 expetita
602 2032 780 2097 fuerit,
809 2050 903 2099 ego
935 2045 1228 2083 remtuam
1260 2031 1375 2096 tibi,
1402 2051 1508 2084 non
1539 2031 1705 2097 alteri,
1732 2031 2075 2086 dedicandam

244 2119 434 2171 censui.
520 2118 693 2178 Quam
743 2118 959 2189 quidem
1008 2137 1073 2169 an
1121 2131 1326 2170 mutata
1372 2131 1514 2170 veste
1562 2117 1960 2171 deformaverim
2008 2138 2074 2172 an

174 2220 222 2262 55
243 2205 466 2257 fortassis
507 2204 814 2269 ornaverim,
851 2218 910 2256 tu
949 2203 1137 2256 iudica.
1219 2203 1369 2255 Illinc
1409 2204 1549 2279 enim
1589 2217 1722 2269 orta,
1754 2203 1879 2257 illuc
1915 2205 2074 2272 redit,

244 2305 398 2343 notus
416 2290 589 2355 iudex,
609 2304 734 2342 nota
752 2290 952 2354 domus,
972 2303 1161 2341 notum
1177 2290 1293 2354 iter,
1313 2303 1373 2342 ut
1392 2309 1557 2342 unum
1586 2290 1690 2364 [sic]
1717 2303 1770 2342 et
1789 2303 1849 2343 tu
1867 2291 2002 2344 noris
2019 2305 2075 2345 et

244 2376 473 2447 quisquis
500 2377 626 2428 haec
650 2376 806 2445 leget,
836 2376 933 2428 tibi
961 2395 1067 2427 non
1094 2375 1223 2428 mihi
1250 2389 1460 2429 tuarum
1487 2378 1743 2429 rationem
1770 2395 1945 2430 rerum
1971 2395 2075 2431 esse

243 2463 580 2515 reddendam.
652 2463 896 2533 Quisquis
931 2481 993 2513 ex
1026 2481 1110 2513 me
1143 2476 1375 2531 quaeret,
1411 2481 1476 2514 an
1507 2462 1634 2513 haec
1666 2481 1786 2514 vera
1816 2463 1940 2529 sint,
1972 2463 2074 2516 hoc

244 2563 320 2602 est
373 2569 439 2601 an
489 2550 758 2601 historiam
809 2549 1097 2618 scripserim
1150 2568 1215 2600 an
1265 2547 1514 2613 fabulam,
1567 2548 1893 2618 respondebo
1941 2549 2075 2623 illud

173 2646 222 2685 60
245 2635 446 2705 Crispi:
498 2636 654 2688 ‘fides
694 2655 849 2706 penes
890 2650 1176 2700 auctorem,
1214 2653 1391 2687 meum
1429 2634 1624 2687 scilicet
1660 2635 1933 2702 Ioannem,
1972 2635 2074 2690 fit.'

243 2722 387 2775 Haec
416 2724 677 2792 praefatus
705 2722 918 2793 incipiO.
982 2720 1180 2792 [1373.]
