<?xml version="1.0" encoding="UTF-8"?>
<!DOCTYPE html PUBLIC "-//W3C//DTD XHTML 1.0 Transitional//EN"
    "http://www.w3.org/TR/xhtml1/DTD/xhtml1-transitional.dtd">
<html xmlns="http://www.w3.org/1999/xhtml" xml:lang="en" lang="en">
 <head>
  <title>
</title>
<meta http-equiv="Content-Type" content="text/html;charset=utf-8" />
  <meta name='ocr-system' content='tesseract 3.04.00' />
  <meta name='ocr-capabilities' content='ocr_page ocr_carea ocr_par ocr_line ocrx_word'/>
</head>
<body>
  <div class='ocr_page' id='page_1' title='image "./epistolaeselecta00petruoft_0079.png"; bbox 0 0 2242 3600; ppageno 0'>
   <div class='ocr_carea' id='block_1_1' title="bbox 600 159 2031 228">
    <p class='ocr_par' dir='ltr' id='par_1_1' title="bbox 600 159 2031 228">
     <span class='ocr_line' id='line_1_1' title="bbox 600 159 2031 228; baseline -0.004 -10"><span class='ocrx_word' id='word_1_1' title='bbox 600 164 1030 218; x_wconf 92' lang='lat' dir='ltr'>GERARDO</span> <span class='ocrx_word' id='word_1_2' title='bbox 1086 163 1410 220; x_wconf 90' lang='lat' dir='ltr'><strong>FRATRI</strong></span> <span class='ocrx_word' id='word_1_3' title='bbox 1466 160 1628 214; x_wconf 92' lang='lat' dir='ltr'>SVO</span> <span class='ocrx_word' id='word_1_4' title='bbox 1966 159 2031 228; x_wconf 91' lang='lat'>63</span> 
     </span>
    </p>
   </div>
   <div class='ocr_carea' id='block_1_2' title="bbox 175 291 2104 885">
    <p class='ocr_par' dir='ltr' id='par_1_2' title="bbox 175 291 2104 885">
     <span class='ocr_line' id='line_1_2' title="bbox 175 291 2035 368; baseline -0.002 -20"><span class='ocrx_word' id='word_1_5' title='bbox 175 293 361 348; x_wconf 86' lang='lat' dir='ltr'>saltem</span> <span class='ocrx_word' id='word_1_6' title='bbox 431 295 540 364; x_wconf 91' lang='lat' dir='ltr'>tegi</span> <span class='ocrx_word' id='word_1_7' title='bbox 607 294 924 348; x_wconf 87' lang='lat' dir='ltr'>verecundia</span> <span class='ocrx_word' id='word_1_8' title='bbox 992 293 1230 358; x_wconf 89' lang='lat' dir='ltr'>iubebat,</span> <span class='ocrx_word' id='word_1_9' title='bbox 1301 291 1649 364; x_wconf 88' lang='lat' dir='ltr'>plausibiliter</span> <span class='ocrx_word' id='word_1_10' title='bbox 1709 303 1996 368; x_wconf 61' lang='lat' dir='ltr'>ganeretur</span> <span class='ocrx_word' id='word_1_11' title='bbox 2023 293 2035 344; x_wconf 73' lang='grc' dir='ltr'>Ξ</span> 
     </span>
     <span class='ocr_line' id='line_1_3' title="bbox 178 364 2036 450; baseline -0.003 -17"><span class='ocrx_word' id='word_1_12' title='bbox 178 381 552 434; x_wconf 89' lang='lat' dir='ltr'>Laudabamur</span> <span class='ocrx_word' id='word_1_13' title='bbox 569 381 624 435; x_wconf 93' lang='lat' dir='ltr'>in</span> <span class='ocrx_word' id='word_1_14' title='bbox 649 382 834 434; x_wconf 90' lang='lat' dir='ltr'>studiis</span> <span class='ocrx_word' id='word_1_15' title='bbox 851 380 1058 445; x_wconf 91' lang='lat' dir='ltr'>nostris,</span> <span class='ocrx_word' id='word_1_16' title='bbox 1077 395 1130 432; x_wconf 89' lang='lat' dir='ltr'>et</span> <span class='ocrx_word' id='word_1_17' title='bbox 1158 382 1172 404; x_wconf 90' lang='lat'>‘</span> <span class='ocrx_word' id='word_1_18' title='bbox 1187 380 1361 450; x_wconf 89' lang='lat' dir='ltr'>capita</span> <span class='ocrx_word' id='word_1_19' title='bbox 1382 364 2036 447; x_wconf 45' lang='lat' dir='ltr'>delirantium‘peccatoris</span> 
     </span>
     <span class='ocr_line' id='line_1_4' title="bbox 176 465 2036 541; baseline -0.003 -22"><span class='ocrx_word' id='word_1_20' title='bbox 176 467 354 539; x_wconf 89' lang='lat' dir='ltr'>oleum</span> <span class='ocrx_word' id='word_1_21' title='bbox 390 468 757 538; x_wconf 86' lang='lat' dir='ltr'>impinguabat</span> <span class='ocrx_word' id='word_1_22' title='bbox 781 471 813 521; x_wconf 75' lang='lat'>⁹.</span> <span class='ocrx_word' id='word_1_23' title='bbox 888 468 991 521; x_wconf 89' lang='lat' dir='ltr'>Sed</span> <span class='ocrx_word' id='word_1_24' title='bbox 1026 466 1302 519; x_wconf 86' lang='lat' dir='ltr'>ineffabilis</span> <span class='ocrx_word' id='word_1_25' title='bbox 1340 466 1445 541; x_wconf 85' lang='lat' dir='ltr'>Dei</span> <span class='ocrx_word' id='word_1_26' title='bbox 1480 465 1646 536; x_wconf 93' lang='lat' dir='ltr'>pietas</span> <span class='ocrx_word' id='word_1_27' title='bbox 1681 482 1880 533; x_wconf 84' lang='lat' dir='ltr'>gressus</span> <span class='ocrx_word' id='word_1_28' title='bbox 1916 476 2036 515; x_wconf 92' lang='lat' dir='ltr'>tuos</span> 
     </span>
     <span class='ocr_line' id='line_1_5' title="bbox 175 549 2104 625; baseline -0.003 -20"><span class='ocrx_word' id='word_1_29' title='bbox 175 555 377 607; x_wconf 90' lang='lat' dir='ltr'>interea</span> <span class='ocrx_word' id='word_1_30' title='bbox 403 555 738 625; x_wconf 84' lang='lat' dir='ltr'>pedetentim</span> <span class='ocrx_word' id='word_1_31' title='bbox 759 555 1040 608; x_wconf 85' lang='lat' dir='ltr'>revocabat</span> <span class='ocrx_word' id='word_1_32' title='bbox 1061 554 1128 607; x_wconf 90' lang='lat' dir='ltr'>ad</span> <span class='ocrx_word' id='word_1_33' title='bbox 1152 567 1360 606; x_wconf 90' lang='lat' dir='ltr'>rectum</span> <span class='ocrx_word' id='word_1_34' title='bbox 1387 553 1506 604; x_wconf 89' lang='lat' dir='ltr'>iter.</span> <span class='ocrx_word' id='word_1_35' title='bbox 1537 594 1551 606; x_wconf 97' lang='lat'>.</span> <span class='ocrx_word' id='word_1_36' title='bbox 1582 594 1596 605; x_wconf 92' lang='lat'>.</span> <span class='ocrx_word' id='word_1_37' title='bbox 1627 593 1641 605; x_wconf 93' lang='lat'>.</span> <span class='ocrx_word' id='word_1_38' title='bbox 1669 550 1776 618; x_wconf 83' lang='lat' dir='ltr'>[He</span> <span class='ocrx_word' id='word_1_39' title='bbox 1797 549 1934 602; x_wconf 89' lang='lat' dir='ltr'>holds</span> <span class='ocrx_word' id='word_1_40' title='bbox 1958 549 2038 601; x_wconf 83' lang='lat' dir='ltr'>his</span> <span class='ocrx_word' id='word_1_41' title='bbox 2056 571 2104 612; x_wconf 86' lang='lat'>55</span> 
     </span>
     <span class='ocr_line' id='line_1_6' title="bbox 177 636 2039 711; baseline -0.003 -19"><span class='ocrx_word' id='word_1_42' title='bbox 177 641 373 693; x_wconf 84' lang='lat' dir='ltr'>brother</span> <span class='ocrx_word' id='word_1_43' title='bbox 403 655 525 694; x_wconf 85' lang='lat' dir='ltr'>most</span> <span class='ocrx_word' id='word_1_44' title='bbox 539 643 807 711; x_wconf 82' lang='lat' dir='ltr'>fortunate</span> <span class='ocrx_word' id='word_1_45' title='bbox 847 655 892 694; x_wconf 88' lang='lat' dir='ltr'>to</span> <span class='ocrx_word' id='word_1_46' title='bbox 925 642 1053 694; x_wconf 84' lang='lat' dir='ltr'>have</span> <span class='ocrx_word' id='word_1_47' title='bbox 1082 640 1290 710; x_wconf 82' lang='lat' dir='ltr'>escaped</span> <span class='ocrx_word' id='word_1_48' title='bbox 1317 640 1397 692; x_wconf 81' lang='lat' dir='ltr'>the</span> <span class='ocrx_word' id='word_1_49' title='bbox 1429 656 1737 708; x_wconf 77' lang='lat' dir='ltr'>annoyances</span> <span class='ocrx_word' id='word_1_50' title='bbox 1768 637 1827 705; x_wconf 93' lang='lat' dir='ltr'>of</span> <span class='ocrx_word' id='word_1_51' title='bbox 1846 636 2039 689; x_wconf 84' lang='lat' dir='ltr'>secular</span> 
     </span>
     <span class='ocr_line' id='line_1_7' title="bbox 176 722 2037 797; baseline -0.003 -18"><span class='ocrx_word' id='word_1_52' title='bbox 176 727 286 797; x_wconf 83' lang='lat' dir='ltr'>lise,</span> <span class='ocrx_word' id='word_1_53' title='bbox 341 728 422 780; x_wconf 82' lang='lat' dir='ltr'>the</span> <span class='ocrx_word' id='word_1_54' title='bbox 474 729 621 780; x_wconf 85' lang='lat' dir='ltr'>trials</span> <span class='ocrx_word' id='word_1_55' title='bbox 671 729 730 797; x_wconf 87' lang='lat' dir='ltr'>of</span> <span class='ocrx_word' id='word_1_56' title='bbox 769 741 1012 792; x_wconf 83' lang='lat' dir='ltr'>servants,</span> <span class='ocrx_word' id='word_1_57' title='bbox 1067 727 1148 780; x_wconf 84' lang='lat' dir='ltr'>the</span> <span class='ocrx_word' id='word_1_58' title='bbox 1200 727 1405 778; x_wconf 81' lang='lat' dir='ltr'>avarice</span> <span class='ocrx_word' id='word_1_59' title='bbox 1455 726 1514 794; x_wconf 88' lang='lat' dir='ltr'>of</span> <span class='ocrx_word' id='word_1_60' title='bbox 1550 724 1846 794; x_wconf 79' lang='lat' dir='ltr'>guardiam,</span> <span class='ocrx_word' id='word_1_61' title='bbox 1906 722 2037 794; x_wconf 78' lang='lat' dir='ltr'>&amp;c.]</span> 
     </span>
     <span class='ocr_line' id='line_1_8' title="bbox 175 810 1680 885; baseline -0.003 -18"><span class='ocrx_word' id='word_1_62' title='bbox 175 833 271 867; x_wconf 84' lang='lat' dir='ltr'>vn.</span> <span class='ocrx_word' id='word_1_63' title='bbox 303 813 565 868; x_wconf 84' lang='lat' dir='ltr'>Kalendas</span> <span class='ocrx_word' id='word_1_64' title='bbox 592 814 859 879; x_wconf 86' lang='lat' dir='ltr'>Octobris,</span> <span class='ocrx_word' id='word_1_65' title='bbox 887 834 951 866; x_wconf 85' lang='lat' dir='ltr'>ex</span> <span class='ocrx_word' id='word_1_66' title='bbox 976 813 1175 885; x_wconf 92' lang='lat' dir='ltr'>oppido</span> <span class='ocrx_word' id='word_1_67' title='bbox 1202 812 1456 883; x_wconf 90' lang='lat' dir='ltr'>Carpensi</span> <span class='ocrx_word' id='word_1_68' title='bbox 1481 810 1680 881; x_wconf 88' lang='lat'>[1348].</span> 
     </span>
    </p>
   </div>
   <div class='ocr_carea' id='block_1_3' title="bbox 592 1033 1619 1114">
    <p class='ocr_par' dir='ltr' id='par_1_3' title="bbox 592 1033 1619 1114">
     <span class='ocr_line' id='line_1_9' title="bbox 592 1033 1619 1114; baseline -0.003 -19"><span class='ocrx_word' id='word_1_69' title='bbox 592 1035 849 1096; x_wconf 80' lang='lat' dir='ltr'>Gerardo</span> <span class='ocrx_word' id='word_1_70' title='bbox 860 1035 1060 1114; x_wconf 82' lang='lat' dir='ltr'>fratri</span> <span class='ocrx_word' id='word_1_71' title='bbox 1085 1056 1200 1094; x_wconf 80' lang='lat' dir='ltr'>sua.</span> <span class='ocrx_word' id='word_1_72' title='bbox 1276 1033 1442 1093; x_wconf 88' lang='lat' dir='ltr'>Fam.</span> <span class='ocrx_word' id='word_1_73' title='bbox 1474 1055 1547 1093; x_wconf 64' lang='lat' dir='ltr'>x:</span> <span class='ocrx_word' id='word_1_74' title='bbox 1564 1049 1619 1111; x_wconf 83' lang='grc'>5.</span> 
     </span>
    </p>
   </div>
   <div class='ocr_carea' id='block_1_4' title="bbox 100 1157 2103 3314">
    <p class='ocr_par' dir='ltr' id='par_1_4' title="bbox 173 1157 2036 1316">
     <span class='ocr_line' id='line_1_10' title="bbox 243 1157 2036 1230; baseline -0.003 -17"><span class='ocrx_word' id='word_1_75' title='bbox 243 1160 562 1230; x_wconf 90' lang='lat' dir='ltr'>[Geminum</span> <span class='ocrx_word' id='word_1_76' title='bbox 604 1161 778 1213; x_wconf 93' lang='lat' dir='ltr'>otium</span> <span class='ocrx_word' id='word_1_77' title='bbox 822 1174 978 1213; x_wconf 92' lang='lat' dir='ltr'>tuum</span> <span class='ocrx_word' id='word_1_78' title='bbox 1020 1178 1229 1212; x_wconf 81' lang='lat' dir='ltr'>munuS.</span> <span class='ocrx_word' id='word_1_79' title='bbox 1276 1200 1288 1210; x_wconf 92' lang='lat'>.</span> <span class='ocrx_word' id='word_1_80' title='bbox 1334 1200 1347 1211; x_wconf 93' lang='lat'>.</span> <span class='ocrx_word' id='word_1_81' title='bbox 1394 1157 1432 1228; x_wconf 93' lang='lat'>.]</span> <span class='ocrx_word' id='word_1_82' title='bbox 1506 1157 1614 1226; x_wconf 85' lang='lat' dir='ltr'>[He</span> <span class='ocrx_word' id='word_1_83' title='bbox 1654 1158 1822 1209; x_wconf 81' lang='lat' dir='ltr'>writes</span> <span class='ocrx_word' id='word_1_84' title='bbox 1862 1157 1921 1226; x_wconf 88' lang='lat' dir='ltr'>of</span> <span class='ocrx_word' id='word_1_85' title='bbox 1953 1157 2036 1209; x_wconf 83' lang='lat' dir='ltr'>the</span> 
     </span>
     <span class='ocr_line' id='line_1_11' title="bbox 173 1245 1350 1316; baseline -0.002 -16"><span class='ocrx_word' id='word_1_86' title='bbox 173 1247 371 1300; x_wconf 84' lang='lat' dir='ltr'>discord</span> <span class='ocrx_word' id='word_1_87' title='bbox 394 1247 496 1300; x_wconf 86' lang='lat' dir='ltr'>and</span> <span class='ocrx_word' id='word_1_88' title='bbox 520 1248 905 1300; x_wconf 87' lang='lat' dir='ltr'>contradictions</span> <span class='ocrx_word' id='word_1_89' title='bbox 930 1249 983 1300; x_wconf 86' lang='lat' dir='ltr'>in</span> <span class='ocrx_word' id='word_1_90' title='bbox 1008 1247 1193 1299; x_wconf 85' lang='lat' dir='ltr'>human</span> <span class='ocrx_word' id='word_1_91' title='bbox 1215 1245 1350 1316; x_wconf 69' lang='lat' dir='ltr'><em>life]</em></span> 
     </span>
    </p>

    <p class='ocr_par' dir='ltr' id='par_1_5' title="bbox 241 1331 2034 1402">
     <span class='ocr_line' id='line_1_12' title="bbox 241 1331 2034 1402; baseline -0.003 -15"><span class='ocrx_word' id='word_1_92' title='bbox 241 1336 514 1387; x_wconf 90' lang='lat' dir='ltr'>Postremo</span> <span class='ocrx_word' id='word_1_93' title='bbox 554 1335 619 1386; x_wconf 91' lang='lat' dir='ltr'>de</span> <span class='ocrx_word' id='word_1_94' title='bbox 658 1354 774 1400; x_wconf 80' lang='lat' dir='ltr'>me,</span> <span class='ocrx_word' id='word_1_95' title='bbox 801 1335 948 1387; x_wconf 91' lang='lat' dir='ltr'>cuius</span> <span class='ocrx_word' id='word_1_96' title='bbox 986 1335 1155 1388; x_wconf 89' lang='lat' dir='ltr'>vicem</span> <span class='ocrx_word' id='word_1_97' title='bbox 1193 1333 1345 1387; x_wconf 90' lang='lat' dir='ltr'>valde</span> <span class='ocrx_word' id='word_1_98' title='bbox 1380 1331 1696 1402; x_wconf 86' lang='lat' dir='ltr'>germanitas</span> <span class='ocrx_word' id='word_1_99' title='bbox 1736 1345 1828 1384; x_wconf 91' lang='lat' dir='ltr'>tua</span> <span class='ocrx_word' id='word_1_100' title='bbox 1867 1332 2034 1402; x_wconf 89' lang='lat' dir='ltr'>perti-</span> 
     </span>
    </p>

    <p class='ocr_par' dir='ltr' id='par_1_6' title="bbox 100 1418 2103 2708">
     <span class='ocr_line' id='line_1_13' title="bbox 100 1418 2034 1490; baseline -0.003 -16"><span class='ocrx_word' id='word_1_101' title='bbox 100 1418 107 1424; x_wconf 68' lang='grc'><strong>’</strong></span> <span class='ocrx_word' id='word_1_102' title='bbox 174 1422 378 1486; x_wconf 90' lang='lat' dir='ltr'>mescit‚</span> <span class='ocrx_word' id='word_1_103' title='bbox 421 1442 518 1474; x_wconf 89' lang='lat' dir='ltr'>nec</span> <span class='ocrx_word' id='word_1_104' title='bbox 559 1422 846 1487; x_wconf 90' lang='lat' dir='ltr'>immerito,</span> <span class='ocrx_word' id='word_1_105' title='bbox 891 1436 975 1474; x_wconf 90' lang='lat' dir='ltr'>tot</span> <span class='ocrx_word' id='word_1_106' title='bbox 1018 1422 1073 1474; x_wconf 92' lang='lat' dir='ltr'>in</span> <span class='ocrx_word' id='word_1_107' title='bbox 1114 1420 1340 1473; x_wconf 91' lang='lat' dir='ltr'>circuitu</span> <span class='ocrx_word' id='word_1_108' title='bbox 1383 1419 1732 1472; x_wconf 83' lang='lat' dir='ltr'>frementibus</span> <span class='ocrx_word' id='word_1_109' title='bbox 1775 1418 2034 1490; x_wconf 87' lang='lat' dir='ltr'>procellis,</span> 
     </span>
     <span class='ocr_line' id='line_1_14' title="bbox 172 1505 2078 1578; baseline -0.002 -17"><span class='ocrx_word' id='word_1_110' title='bbox 172 1529 282 1561; x_wconf 90' lang='lat' dir='ltr'>non</span> <span class='ocrx_word' id='word_1_111' title='bbox 312 1509 430 1561; x_wconf 90' lang='lat' dir='ltr'>dico</span> <span class='ocrx_word' id='word_1_112' title='bbox 458 1509 797 1561; x_wconf 84' lang='lat' dir='ltr'>securitatem</span> <span class='ocrx_word' id='word_1_113' title='bbox 825 1509 916 1560; x_wconf 90' lang='lat' dir='ltr'>sed</span> <span class='ocrx_word' id='word_1_114' title='bbox 944 1527 1090 1578; x_wconf 90' lang='lat' dir='ltr'>spem</span> <span class='ocrx_word' id='word_1_115' title='bbox 1121 1507 1315 1559; x_wconf 89' lang='lat' dir='ltr'>bonam</span> <span class='ocrx_word' id='word_1_116' title='bbox 1342 1507 1549 1559; x_wconf 89' lang='lat' dir='ltr'>habeas.</span> <span class='ocrx_word' id='word_1_117' title='bbox 1618 1505 1762 1558; x_wconf 89' lang='lat' dir='ltr'>Scito</span> <span class='ocrx_word' id='word_1_118' title='bbox 1790 1525 1876 1557; x_wconf 90' lang='lat' dir='ltr'>me</span> <span class='ocrx_word' id='word_1_119' title='bbox 1905 1525 2032 1558; x_wconf 91' lang='lat' dir='ltr'>con·</span> <span class='ocrx_word' id='word_1_120' title='bbox 2054 1529 2078 1571; x_wconf 85' lang='lat'><em>5</em></span> 
     </span>
     <span class='ocr_line' id='line_1_15' title="bbox 171 1592 2031 1667; baseline -0.001 -20"><span class='ocrx_word' id='word_1_121' title='bbox 171 1596 408 1649; x_wconf 92' lang='lat' dir='ltr'>siliorum</span> <span class='ocrx_word' id='word_1_122' title='bbox 453 1616 587 1667; x_wconf 92' lang='lat' dir='ltr'>quae</span> <span class='ocrx_word' id='word_1_123' title='bbox 631 1596 763 1648; x_wconf 89' lang='lat' dir='ltr'>mihi</span> <span class='ocrx_word' id='word_1_124' title='bbox 806 1615 1052 1666; x_wconf 88' lang='lat' dir='ltr'>supremo</span> <span class='ocrx_word' id='word_1_125' title='bbox 1097 1595 1325 1664; x_wconf 88' lang='lat' dir='ltr'>digressu</span> <span class='ocrx_word' id='word_1_126' title='bbox 1371 1593 1585 1646; x_wconf 88' lang='lat' dir='ltr'>dederas</span> <span class='ocrx_word' id='word_1_127' title='bbox 1630 1612 1737 1645; x_wconf 92' lang='lat' dir='ltr'>non</span> <span class='ocrx_word' id='word_1_128' title='bbox 1781 1592 2031 1646; x_wconf 90' lang='lat' dir='ltr'>oblitum.</span> 
     </span>
     <span class='ocr_line' id='line_1_16' title="bbox 172 1679 2032 1751; baseline -0.002 -16"><span class='ocrx_word' id='word_1_129' title='bbox 172 1683 412 1735; x_wconf 90' lang='lat' dir='ltr'>Asserere</span> <span class='ocrx_word' id='word_1_130' title='bbox 458 1702 566 1735; x_wconf 92' lang='lat' dir='ltr'>non</span> <span class='ocrx_word' id='word_1_131' title='bbox 610 1682 776 1745; x_wconf 87' lang='lat' dir='ltr'>ausim</span> <span class='ocrx_word' id='word_1_132' title='bbox 821 1683 996 1735; x_wconf 92' lang='lat' dir='ltr'>adhuc</span> <span class='ocrx_word' id='word_1_133' title='bbox 1041 1701 1126 1734; x_wconf 89' lang='lat' dir='ltr'>me</span> <span class='ocrx_word' id='word_1_134' title='bbox 1170 1681 1226 1733; x_wconf 90' lang='lat' dir='ltr'>in</span> <span class='ocrx_word' id='word_1_135' title='bbox 1270 1694 1489 1751; x_wconf 92' lang='lat' dir='ltr'>portum</span> <span class='ocrx_word' id='word_1_136' title='bbox 1535 1679 1864 1749; x_wconf 83' lang='lat' dir='ltr'>confugisse3</span> <span class='ocrx_word' id='word_1_137' title='bbox 1930 1679 2032 1731; x_wconf 81' lang='lat' dir='ltr'>feci</span> 
     </span>
     <span class='ocr_line' id='line_1_17' title="bbox 172 1762 2030 1843; baseline -0.003 -21"><span class='ocrx_word' id='word_1_138' title='bbox 172 1762 353 1843; x_wconf 81' lang='lat' dir='ltr'>autem</span> <span class='ocrx_word' id='word_1_139' title='bbox 399 1769 546 1840; x_wconf 92' lang='lat' dir='ltr'>quod</span> <span class='ocrx_word' id='word_1_140' title='bbox 591 1783 784 1822; x_wconf 88' lang='lat' dir='ltr'>nautae</span> <span class='ocrx_word' id='word_1_141' title='bbox 828 1769 997 1821; x_wconf 89' lang='lat' dir='ltr'>solent</span> <span class='ocrx_word' id='word_1_142' title='bbox 1044 1788 1174 1840; x_wconf 92' lang='lat' dir='ltr'>quos</span> <span class='ocrx_word' id='word_1_143' title='bbox 1219 1768 1275 1820; x_wconf 91' lang='lat' dir='ltr'>in</span> <span class='ocrx_word' id='word_1_144' title='bbox 1320 1767 1429 1820; x_wconf 93' lang='lat' dir='ltr'>alto</span> <span class='ocrx_word' id='word_1_145' title='bbox 1475 1780 1758 1837; x_wconf 90' lang='lat' dir='ltr'>tempestas</span> <span class='ocrx_word' id='word_1_146' title='bbox 1803 1766 2030 1831; x_wconf 85' lang='lat' dir='ltr'>invasit3</span> 
     </span>
     <span class='ocr_line' id='line_1_18' title="bbox 170 1853 2030 1926; baseline -0.001 -19"><span class='ocrx_word' id='word_1_147' title='bbox 170 1856 386 1921; x_wconf 89' lang='lat' dir='ltr'>insulae,</span> <span class='ocrx_word' id='word_1_148' title='bbox 410 1870 470 1908; x_wconf 94' lang='lat' dir='ltr'>ut</span> <span class='ocrx_word' id='word_1_149' title='bbox 492 1856 567 1908; x_wconf 88' lang='lat' dir='ltr'>ita</span> <span class='ocrx_word' id='word_1_150' title='bbox 590 1856 829 1922; x_wconf 83' lang='lat' dir='ltr'>dixerim,</span> <span class='ocrx_word' id='word_1_151' title='bbox 852 1856 1143 1926; x_wconf 87' lang='lat' dir='ltr'>cuiuspiam</span> <span class='ocrx_word' id='word_1_152' title='bbox 1164 1874 1332 1907; x_wconf 91' lang='lat' dir='ltr'>unum</span> <span class='ocrx_word' id='word_1_153' title='bbox 1353 1855 1489 1907; x_wconf 89' lang='lat' dir='ltr'>latus</span> <span class='ocrx_word' id='word_1_154' title='bbox 1510 1854 1679 1907; x_wconf 90' lang='lat' dir='ltr'>ventis</span> <span class='ocrx_word' id='word_1_155' title='bbox 1702 1873 1759 1906; x_wconf 91' lang='lat' dir='ltr'>ac</span> <span class='ocrx_word' id='word_1_156' title='bbox 1781 1853 2030 1906; x_wconf 90' lang='lat' dir='ltr'>fluctibus</span> 
     </span>
     <span class='ocr_line' id='line_1_19' title="bbox 171 1941 2103 2013; baseline 0.001 -18"><span class='ocrx_word' id='word_1_157' title='bbox 171 1943 342 1995; x_wconf 89' lang='lat' dir='ltr'>obieci</span> <span class='ocrx_word' id='word_1_158' title='bbox 364 1965 378 2008; x_wconf 92' lang='lat'>;</span> <span class='ocrx_word' id='word_1_159' title='bbox 419 1942 542 2007; x_wconf 87' lang='lat' dir='ltr'>illic,</span> <span class='ocrx_word' id='word_1_160' title='bbox 564 1943 732 1995; x_wconf 92' lang='lat' dir='ltr'>donec</span> <span class='ocrx_word' id='word_1_161' title='bbox 753 1943 922 1995; x_wconf 90' lang='lat' dir='ltr'>tutior</span> <span class='ocrx_word' id='word_1_162' title='bbox 942 1957 1126 2013; x_wconf 91' lang='lat' dir='ltr'>portus</span> <span class='ocrx_word' id='word_1_163' title='bbox 1147 1955 1414 2013; x_wconf 84' lang='lat' dir='ltr'>appareat,</span> <span class='ocrx_word' id='word_1_164' title='bbox 1437 1941 1703 1993; x_wconf 85' lang='lat' dir='ltr'>delitesco.</span> <span class='ocrx_word' id='word_1_165' title='bbox 1759 1941 1828 1992; x_wconf 92' lang='lat' dir='ltr'>Et</span> <span class='ocrx_word' id='word_1_166' title='bbox 1850 1959 2029 2012; x_wconf 82' lang='lat' dir='ltr'>quem,</span> <span class='ocrx_word' id='word_1_167' title='bbox 2056 1970 2103 1997; x_wconf 91' lang='lat'>10</span> 
     </span>
     <span class='ocr_line' id='line_1_20' title="bbox 170 2027 2029 2101; baseline 0 -21"><span class='ocrx_word' id='word_1_168' title='bbox 170 2030 395 2101; x_wconf 89' lang='lat' dir='ltr'>inquies,</span> <span class='ocrx_word' id='word_1_169' title='bbox 435 2030 491 2082; x_wconf 90' lang='lat' dir='ltr'>in</span> <span class='ocrx_word' id='word_1_170' title='bbox 531 2030 801 2082; x_wconf 86' lang='lat' dir='ltr'>modum?</span> <span class='ocrx_word' id='word_1_171' title='bbox 881 2030 933 2097; x_wconf 78' lang='lat' dir='ltr'>Si</span> <span class='ocrx_word' id='word_1_172' title='bbox 975 2029 1210 2100; x_wconf 91' lang='lat' dir='ltr'>quidem,</span> <span class='ocrx_word' id='word_1_173' title='bbox 1253 2030 1371 2081; x_wconf 88' lang='lat' dir='ltr'>Iesu</span> <span class='ocrx_word' id='word_1_174' title='bbox 1412 2028 1627 2080; x_wconf 90' lang='lat' dir='ltr'>Christo</span> <span class='ocrx_word' id='word_1_175' title='bbox 1667 2027 1893 2098; x_wconf 90' lang='lat' dir='ltr'>auspice,</span> <span class='ocrx_word' id='word_1_176' title='bbox 1929 2027 2029 2080; x_wconf 91' lang='lat' dir='ltr'>tria</span> 
     </span>
     <span class='ocr_line' id='line_1_21' title="bbox 170 2115 2029 2188; baseline -0.001 -19"><span class='ocrx_word' id='word_1_177' title='bbox 170 2116 258 2169; x_wconf 89' lang='lat' dir='ltr'>illa</span> <span class='ocrx_word' id='word_1_178' title='bbox 290 2130 586 2188; x_wconf 89' lang='lat' dir='ltr'>utcumque</span> <span class='ocrx_word' id='word_1_179' title='bbox 613 2136 699 2169; x_wconf 94' lang='lat' dir='ltr'>me</span> <span class='ocrx_word' id='word_1_180' title='bbox 730 2117 969 2188; x_wconf 91' lang='lat' dir='ltr'>implesse</span> <span class='ocrx_word' id='word_1_181' title='bbox 1002 2117 1204 2170; x_wconf 90' lang='lat' dir='ltr'>noveris</span> <span class='ocrx_word' id='word_1_182' title='bbox 1241 2136 1376 2187; x_wconf 87' lang='lat' dir='ltr'>quae</span> <span class='ocrx_word' id='word_1_183' title='bbox 1408 2115 1687 2180; x_wconf 89' lang='lat' dir='ltr'>mandasti,</span> <span class='ocrx_word' id='word_1_184' title='bbox 1716 2129 1771 2167; x_wconf 88' lang='lat' dir='ltr'>et</span> <span class='ocrx_word' id='word_1_185' title='bbox 1796 2129 1859 2167; x_wconf 91' lang='lat' dir='ltr'>ut</span> <span class='ocrx_word' id='word_1_186' title='bbox 1903 2134 2029 2167; x_wconf 93' lang='lat' dir='ltr'>con-</span> 
     </span>
     <span class='ocr_line' id='line_1_22' title="bbox 169 2202 2029 2275; baseline 0 -20"><span class='ocrx_word' id='word_1_187' title='bbox 169 2203 481 2256; x_wconf 91' lang='lat' dir='ltr'>summatius</span> <span class='ocrx_word' id='word_1_188' title='bbox 521 2204 771 2275; x_wconf 90' lang='lat' dir='ltr'>impleam</span> <span class='ocrx_word' id='word_1_189' title='bbox 810 2203 1024 2256; x_wconf 93' lang='lat' dir='ltr'>summis</span> <span class='ocrx_word' id='word_1_190' title='bbox 1065 2204 1120 2255; x_wconf 92' lang='lat' dir='ltr'>in</span> <span class='ocrx_word' id='word_1_191' title='bbox 1161 2203 1268 2256; x_wconf 89' lang='lat' dir='ltr'>dies</span> <span class='ocrx_word' id='word_1_192' title='bbox 1307 2203 1504 2256; x_wconf 88' lang='lat' dir='ltr'>viribus</span> <span class='ocrx_word' id='word_1_193' title='bbox 1543 2202 1694 2267; x_wconf 91' lang='lat' dir='ltr'>eniti,</span> <span class='ocrx_word' id='word_1_194' title='bbox 1735 2203 1882 2273; x_wconf 90' lang='lat' dir='ltr'>quod</span> <span class='ocrx_word' id='word_1_195' title='bbox 1921 2222 2029 2255; x_wconf 90' lang='lat' dir='ltr'>non</span> 
     </span>
     <span class='ocr_line' id='line_1_23' title="bbox 170 2289 2029 2362; baseline 0 -19"><span class='ocrx_word' id='word_1_196' title='bbox 170 2290 239 2343; x_wconf 89' lang='lat' dir='ltr'>ad</span> <span class='ocrx_word' id='word_1_197' title='bbox 262 2289 483 2360; x_wconf 90' lang='lat' dir='ltr'>gloriam</span> <span class='ocrx_word' id='word_1_198' title='bbox 510 2310 700 2356; x_wconf 90' lang='lat' dir='ltr'>meam,</span> <span class='ocrx_word' id='word_1_199' title='bbox 729 2290 822 2362; x_wconf 91' lang='lat' dir='ltr'>qui</span> <span class='ocrx_word' id='word_1_200' title='bbox 848 2291 1020 2342; x_wconf 92' lang='lat' dir='ltr'>adhuc</span> <span class='ocrx_word' id='word_1_201' title='bbox 1048 2289 1230 2342; x_wconf 90' lang='lat' dir='ltr'>multis</span> <span class='ocrx_word' id='word_1_202' title='bbox 1254 2290 1310 2342; x_wconf 90' lang='lat' dir='ltr'>in</span> <span class='ocrx_word' id='word_1_203' title='bbox 1336 2289 1482 2342; x_wconf 88' lang='lat' dir='ltr'>malis</span> <span class='ocrx_word' id='word_1_204' title='bbox 1509 2310 1567 2342; x_wconf 90' lang='lat' dir='ltr'>ac</span> <span class='ocrx_word' id='word_1_205' title='bbox 1594 2290 1809 2342; x_wconf 89' lang='lat' dir='ltr'>miseriis</span> <span class='ocrx_word' id='word_1_206' title='bbox 1836 2311 2029 2356; x_wconf 87' lang='lat' dir='ltr'>versor,</span> 
     </span>
     <span class='ocr_line' id='line_1_24' title="bbox 170 2376 2098 2448; baseline 0.002 -19"><span class='ocrx_word' id='word_1_207' title='bbox 170 2377 257 2429; x_wconf 91' lang='lat' dir='ltr'>cui</span> <span class='ocrx_word' id='word_1_208' title='bbox 288 2377 486 2430; x_wconf 93' lang='lat' dir='ltr'>multus</span> <span class='ocrx_word' id='word_1_209' title='bbox 519 2392 572 2429; x_wconf 91' lang='lat' dir='ltr'>et</span> <span class='ocrx_word' id='word_1_210' title='bbox 606 2378 671 2429; x_wconf 92' lang='lat' dir='ltr'>de</span> <span class='ocrx_word' id='word_1_211' title='bbox 701 2377 988 2448; x_wconf 89' lang='lat' dir='ltr'>praeterito</span> <span class='ocrx_word' id='word_1_212' title='bbox 1022 2376 1170 2428; x_wconf 91' lang='lat' dir='ltr'>dolor</span> <span class='ocrx_word' id='word_1_213' title='bbox 1203 2390 1256 2428; x_wconf 93' lang='lat' dir='ltr'>et</span> <span class='ocrx_word' id='word_1_214' title='bbox 1290 2377 1355 2428; x_wconf 93' lang='lat' dir='ltr'>de</span> <span class='ocrx_word' id='word_1_215' title='bbox 1386 2377 1647 2447; x_wconf 89' lang='lat' dir='ltr'>praesenti</span> <span class='ocrx_word' id='word_1_216' title='bbox 1676 2377 1843 2443; x_wconf 91' lang='lat' dir='ltr'>labor,</span> <span class='ocrx_word' id='word_1_217' title='bbox 1876 2392 1930 2430; x_wconf 87' lang='lat' dir='ltr'>et</span> <span class='ocrx_word' id='word_1_218' title='bbox 1964 2379 2029 2430; x_wconf 92' lang='lat' dir='ltr'>de</span> <span class='ocrx_word' id='word_1_219' title='bbox 2053 2406 2098 2446; x_wconf 86' lang='lat'>15</span> 
     </span>
     <span class='ocr_line' id='line_1_25' title="bbox 170 2463 2030 2534; baseline 0.001 -19"><span class='ocrx_word' id='word_1_220' title='bbox 170 2466 356 2517; x_wconf 82' lang='lat' dir='ltr'>futuro</span> <span class='ocrx_word' id='word_1_221' title='bbox 394 2479 567 2517; x_wconf 90' lang='lat' dir='ltr'>metus</span> <span class='ocrx_word' id='word_1_222' title='bbox 610 2479 705 2529; x_wconf 91' lang='lat' dir='ltr'>est,</span> <span class='ocrx_word' id='word_1_223' title='bbox 743 2466 833 2517; x_wconf 88' lang='lat' dir='ltr'>sed</span> <span class='ocrx_word' id='word_1_224' title='bbox 880 2465 947 2517; x_wconf 92' lang='lat' dir='ltr'>ad</span> <span class='ocrx_word' id='word_1_225' title='bbox 988 2463 1166 2534; x_wconf 89' lang='lat' dir='ltr'>gaudii</span> <span class='ocrx_word' id='word_1_226' title='bbox 1204 2463 1286 2516; x_wconf 93' lang='lat' dir='ltr'>tui</span> <span class='ocrx_word' id='word_1_227' title='bbox 1328 2463 1585 2534; x_wconf 90' lang='lat' dir='ltr'>primitias</span> <span class='ocrx_word' id='word_1_228' title='bbox 1627 2483 1818 2530; x_wconf 84' lang='lat' dir='ltr'>narro3</span> <span class='ocrx_word' id='word_1_229' title='bbox 1873 2466 2030 2519; x_wconf 89' lang='lat' dir='ltr'>simul</span> 
     </span>
     <span class='ocr_line' id='line_1_26' title="bbox 170 2550 2028 2623; baseline 0.001 -19"><span class='ocrx_word' id='word_1_230' title='bbox 170 2565 252 2616; x_wconf 89' lang='lat' dir='ltr'>ut,</span> <span class='ocrx_word' id='word_1_231' title='bbox 290 2571 398 2622; x_wconf 92' lang='lat' dir='ltr'>quo</span> <span class='ocrx_word' id='word_1_232' title='bbox 434 2552 617 2604; x_wconf 88' lang='lat' dir='ltr'>melius</span> <span class='ocrx_word' id='word_1_233' title='bbox 656 2552 721 2604; x_wconf 92' lang='lat' dir='ltr'>de</span> <span class='ocrx_word' id='word_1_234' title='bbox 758 2571 842 2604; x_wconf 90' lang='lat' dir='ltr'>me</span> <span class='ocrx_word' id='word_1_235' title='bbox 879 2570 1082 2622; x_wconf 87' lang='lat' dir='ltr'>sperare</span> <span class='ocrx_word' id='word_1_236' title='bbox 1120 2550 1348 2621; x_wconf 91' lang='lat' dir='ltr'>coeperis</span> <span class='ocrx_word' id='word_1_237' title='bbox 1386 2570 1448 2602; x_wconf 92' lang='lat' dir='ltr'>eo</span> <span class='ocrx_word' id='word_1_238' title='bbox 1484 2552 1771 2604; x_wconf 79' lang='lat' dir='ltr'>ferventius</span> <span class='ocrx_word' id='word_1_239' title='bbox 1808 2572 1906 2623; x_wconf 91' lang='lat' dir='ltr'>pro</span> <span class='ocrx_word' id='word_1_240' title='bbox 1942 2572 2028 2605; x_wconf 90' lang='lat' dir='ltr'>me</span> 
     </span>
     <span class='ocr_line' id='line_1_27' title="bbox 171 2637 577 2708; baseline 0.007 -20"><span class='ocrx_word' id='word_1_241' title='bbox 171 2637 388 2708; x_wconf 89' lang='lat' dir='ltr'>incipias</span> <span class='ocrx_word' id='word_1_242' title='bbox 414 2658 577 2691; x_wconf 87' lang='lat' dir='ltr'>orare.</span> 
     </span>
    </p>

    <p class='ocr_par' dir='ltr' id='par_1_7' title="bbox 168 2724 2096 3314">
     <span class='ocr_line' id='line_1_28' title="bbox 243 2724 2026 2795; baseline 0.001 -18"><span class='ocrx_word' id='word_1_243' title='bbox 243 2725 379 2777; x_wconf 91' lang='lat' dir='ltr'>Sunt</span> <span class='ocrx_word' id='word_1_244' title='bbox 423 2740 603 2778; x_wconf 90' lang='lat' dir='ltr'>autem</span> <span class='ocrx_word' id='word_1_245' title='bbox 646 2726 747 2779; x_wconf 88' lang='lat' dir='ltr'>tria</span> <span class='ocrx_word' id='word_1_246' title='bbox 789 2727 917 2779; x_wconf 88' lang='lat' dir='ltr'>haec</span> <span class='ocrx_word' id='word_1_247' title='bbox 962 2725 1016 2777; x_wconf 90' lang='lat' dir='ltr'>in</span> <span class='ocrx_word' id='word_1_248' title='bbox 1061 2724 1251 2795; x_wconf 91' lang='lat' dir='ltr'>quibus</span> <span class='ocrx_word' id='word_1_249' title='bbox 1296 2724 1396 2776; x_wconf 92' lang='lat' dir='ltr'>tibi</span> <span class='ocrx_word' id='word_1_250' title='bbox 1438 2725 1607 2795; x_wconf 91' lang='lat' dir='ltr'>parui.</span> <span class='ocrx_word' id='word_1_251' title='bbox 1687 2726 1829 2779; x_wconf 87' lang='lat' dir='ltr'>Nam</span> <span class='ocrx_word' id='word_1_252' title='bbox 1873 2740 1927 2779; x_wconf 91' lang='lat' dir='ltr'>et</span> <span class='ocrx_word' id='word_1_253' title='bbox 1970 2727 2026 2780; x_wconf 91' lang='lat' dir='ltr'>in</span> 
     </span>
     <span class='ocr_line' id='line_1_29' title="bbox 170 2810 2096 2883; baseline 0.002 -21"><span class='ocrx_word' id='word_1_254' title='bbox 170 2810 352 2880; x_wconf 89' lang='lat' dir='ltr'>primis</span> <span class='ocrx_word' id='word_1_255' title='bbox 389 2810 591 2863; x_wconf 90' lang='lat' dir='ltr'>abditas</span> <span class='ocrx_word' id='word_1_256' title='bbox 631 2812 884 2864; x_wconf 90' lang='lat' dir='ltr'>scelerum</span> <span class='ocrx_word' id='word_1_257' title='bbox 915 2829 1154 2863; x_wconf 91' lang='lat' dir='ltr'>meorum</span> <span class='ocrx_word' id='word_1_258' title='bbox 1183 2810 1376 2876; x_wconf 88' lang='lat' dir='ltr'>sordes,</span> <span class='ocrx_word' id='word_1_259' title='bbox 1406 2831 1541 2882; x_wconf 91' lang='lat' dir='ltr'>quae</span> <span class='ocrx_word' id='word_1_260' title='bbox 1569 2813 1776 2865; x_wconf 85' lang='lat' dir='ltr'>funesta</span> <span class='ocrx_word' id='word_1_261' title='bbox 1805 2813 2026 2883; x_wconf 86' lang='lat' dir='ltr'>segnitie</span> <span class='ocrx_word' id='word_1_262' title='bbox 2047 2844 2096 2870; x_wconf 80' lang='lat'>20</span> 
     </span>
     <span class='ocr_line' id='line_1_30' title="bbox 168 2897 2026 2969; baseline 0.002 -20"><span class='ocrx_word' id='word_1_263' title='bbox 168 2897 436 2968; x_wconf 89' lang='lat' dir='ltr'>longoque</span> <span class='ocrx_word' id='word_1_264' title='bbox 470 2898 678 2951; x_wconf 89' lang='lat' dir='ltr'>silentio</span> <span class='ocrx_word' id='word_1_265' title='bbox 712 2911 1048 2969; x_wconf 88' lang='lat' dir='ltr'>putruerant,</span> <span class='ocrx_word' id='word_1_266' title='bbox 1084 2897 1138 2949; x_wconf 90' lang='lat' dir='ltr'>in</span> <span class='ocrx_word' id='word_1_267' title='bbox 1173 2911 1418 2968; x_wconf 87' lang='lat' dir='ltr'>apertum</span> <span class='ocrx_word' id='word_1_268' title='bbox 1453 2899 1694 2951; x_wconf 91' lang='lat' dir='ltr'>manibus</span> <span class='ocrx_word' id='word_1_269' title='bbox 1728 2899 2026 2953; x_wconf 82' lang='lat' dir='ltr'>salutiferae</span> 
     </span>
     <span class='ocr_line' id='line_1_31' title="bbox 170 2984 2027 3057; baseline 0.002 -22"><span class='ocrx_word' id='word_1_270' title='bbox 170 2985 504 3037; x_wconf 84' lang='lat' dir='ltr'>confessionis</span> <span class='ocrx_word' id='word_1_271' title='bbox 528 2985 682 3038; x_wconf 91' lang='lat' dir='ltr'>elicui</span> <span class='ocrx_word' id='word_1_272' title='bbox 706 3008 718 3050; x_wconf 92' lang='lat'>;</span> <span class='ocrx_word' id='word_1_273' title='bbox 763 2986 924 3056; x_wconf 91' lang='lat' dir='ltr'>idque</span> <span class='ocrx_word' id='word_1_274' title='bbox 948 2984 1147 3055; x_wconf 88' lang='lat' dir='ltr'>saepius</span> <span class='ocrx_word' id='word_1_275' title='bbox 1171 2987 1357 3050; x_wconf 82' lang='lat' dir='ltr'>facere,</span> <span class='ocrx_word' id='word_1_276' title='bbox 1382 2999 1544 3056; x_wconf 90' lang='lat' dir='ltr'>atque</span> <span class='ocrx_word' id='word_1_277' title='bbox 1567 2986 1641 3038; x_wconf 88' lang='lat' dir='ltr'>ita</span> <span class='ocrx_word' id='word_1_278' title='bbox 1664 2987 2027 3057; x_wconf 90' lang='lat' dir='ltr'>omnipotenti</span> 
     </span>
     <span class='ocr_line' id='line_1_32' title="bbox 170 3071 2025 3137; baseline 0.002 -15"><span class='ocrx_word' id='word_1_279' title='bbox 170 3071 377 3123; x_wconf 92' lang='lat' dir='ltr'>medico</span> <span class='ocrx_word' id='word_1_280' title='bbox 405 3092 618 3124; x_wconf 92' lang='lat' dir='ltr'>caecum</span> <span class='ocrx_word' id='word_1_281' title='bbox 646 3073 808 3125; x_wconf 91' lang='lat' dir='ltr'>animi</span> <span class='ocrx_word' id='word_1_282' title='bbox 835 3071 939 3123; x_wconf 91' lang='lat' dir='ltr'>mei</span> <span class='ocrx_word' id='word_1_283' title='bbox 965 3071 1153 3123; x_wconf 88' lang='lat' dir='ltr'>vulnus</span> <span class='ocrx_word' id='word_1_284' title='bbox 1181 3072 1475 3137; x_wconf 90' lang='lat' dir='ltr'>ostendere,</span> <span class='ocrx_word' id='word_1_285' title='bbox 1502 3072 1558 3128; x_wconf 89' lang='lat' dir='ltr'>in</span> <span class='ocrx_word' id='word_1_286' title='bbox 1586 3074 2025 3126; x_wconf 91' lang='lat' dir='ltr'>consuetudinem</span> 
     </span>
     <span class='ocr_line' id='line_1_33' title="bbox 168 3157 2024 3215; baseline 0.003 -7"><span class='ocrx_word' id='word_1_287' title='bbox 168 3157 381 3209; x_wconf 86' lang='lat' dir='ltr'>adduxi.</span> <span class='ocrx_word' id='word_1_288' title='bbox 456 3158 666 3210; x_wconf 90' lang='lat' dir='ltr'>Deinde</span> <span class='ocrx_word' id='word_1_289' title='bbox 704 3179 812 3210; x_wconf 91' lang='lat' dir='ltr'>non</span> <span class='ocrx_word' id='word_1_290' title='bbox 851 3158 1059 3210; x_wconf 91' lang='lat' dir='ltr'>diurnas</span> <span class='ocrx_word' id='word_1_291' title='bbox 1098 3158 1258 3210; x_wconf 94' lang='lat' dir='ltr'>modo</span> <span class='ocrx_word' id='word_1_292' title='bbox 1295 3159 1386 3215; x_wconf 91' lang='lat' dir='ltr'>sed</span> <span class='ocrx_word' id='word_1_293' title='bbox 1422 3173 1704 3212; x_wconf 89' lang='lat' dir='ltr'>nocturnas</span> <span class='ocrx_word' id='word_1_294' title='bbox 1743 3160 1810 3212; x_wconf 91' lang='lat' dir='ltr'>ad</span> <span class='ocrx_word' id='word_1_295' title='bbox 1845 3161 2024 3214; x_wconf 91' lang='lat' dir='ltr'>laudes</span> 
     </span>
     <span class='ocr_line' id='line_1_34' title="bbox 169 3243 2092 3314; baseline 0.001 -19"><span class='ocrx_word' id='word_1_296' title='bbox 169 3243 384 3296; x_wconf 88' lang='lat' dir='ltr'>Christo</span> <span class='ocrx_word' id='word_1_297' title='bbox 414 3245 657 3297; x_wconf 89' lang='lat' dir='ltr'>dicendas</span> <span class='ocrx_word' id='word_1_298' title='bbox 686 3246 816 3297; x_wconf 89' lang='lat' dir='ltr'>adeo</span> <span class='ocrx_word' id='word_1_299' title='bbox 844 3245 1085 3314; x_wconf 89' lang='lat' dir='ltr'>impiger,</span> <span class='ocrx_word' id='word_1_300' title='bbox 1115 3245 1301 3297; x_wconf 91' lang='lat' dir='ltr'>eodem</span> <span class='ocrx_word' id='word_1_301' title='bbox 1329 3246 1661 3311; x_wconf 85' lang='lat' dir='ltr'>sollicitante,</span> <span class='ocrx_word' id='word_1_302' title='bbox 1691 3249 1859 3300; x_wconf 86' lang='lat' dir='ltr'>factus</span> <span class='ocrx_word' id='word_1_303' title='bbox 1888 3267 2022 3313; x_wconf 90' lang='lat' dir='ltr'>sum,</span> <span class='ocrx_word' id='word_1_304' title='bbox 2045 3269 2092 3310; x_wconf 84' lang='lat'>25</span> 
     </span>
    </p>
   </div>
  </div>
 </body>
</html>
