2242 3600
571 195 969 249 IOHANNI
1029 195 1138 246 DE
1195 193 1680 246 CERTALDO
1980 194 2046 263 67

194 326 412 379 minime
442 324 603 378 tristis
632 339 725 378 aut
755 324 938 376 misera
968 322 1224 375 censenda
1254 336 1365 375 erat
1395 321 1692 375 alternatio.
1759 322 1970 375 Gratias
2000 322 2048 374 ei

194 413 287 485 qui
325 412 456 465 mihi
494 431 639 483 spem
673 410 907 464 restituit
946 423 1001 461 te
1034 409 1089 461 in
1124 408 1365 478 proximo
1403 423 1550 461 recto
1588 408 1743 460 simul
1776 409 1954 461 animo
1988 429 2046 462 ac

194 519 413 571 corpore
454 498 744 552 revidendi.
825 496 1080 549 Ceterum
1122 496 1250 548 haec
1294 495 1413 560 tibi,
1457 495 1642 560 amice,
1684 495 1857 548 adhuc
1902 496 2048 567 quod

187 583 826 662 ἰᾙεέἐξῑζςῑᾳψηῃῃὶαςίεε,
854 582 1071 646 indicat,
1105 581 1161 634 in
1193 581 1470 652 grabatulo
1504 601 1623 634 meo
1656 581 1825 635 iacens
1858 582 2047 647 scrib0,
2070 606 2120 644 90

192 694 300 727 non
330 688 391 727 ut
424 673 596 725 doleas
624 673 752 724 haec
783 669 932 722 nobis
963 668 1222 733 accidisse,
1254 669 1343 720 sed
1374 683 1435 722 ut
1465 668 1688 739 gaudeas
1719 688 1804 721 me
1835 683 1889 721 et
1918 671 2047 722 haec

191 781 360 833 aequo
390 760 567 814 tulisse
595 758 772 812 animo
801 771 855 809 et
885 756 1058 810 multo
1085 755 1321 826 graviora
1349 755 1585 809 laturum
1614 775 1737 821 esse,
1767 756 1807 808 si
1836 756 2047 827 ingrue-

191 849 319 902 rint.
391 847 480 900 Tu
518 846 636 900 vive
666 844 908 908 feliciter,
937 858 990 895 et
1028 843 1143 896 vale
1181 843 1346 894 nostri
1385 862 1605 895 memor.
1681 843 1897 909 Romae,
1939 863 2047 897 1111.

195 937 375 989 Nonas
400 932 738 1008 NovembriS,
766 930 975 983 silentio
1003 929 1170 982 noctis
1199 929 1548 1000 intempestae
1574 929 1772 1001 [1350]

621 1149 876 1208 Iohanni
903 1147 1166 1207 Aretin0.
1250 1146 1416 1206 Fam.
1452 1146 1530 1206 xi.
1565 1164 1618 1224 3.

312 1277 525 1341 OGAS,
557 1275 722 1327 immo
753 1292 876 1326 vero
910 1271 1078 1324 debiti
1109 1271 1214 1324 mei
1245 1271 1512 1336 admones,
1546 1285 1607 1324 ut
1637 1272 1792 1325 huius
1830 1273 2047 1326 iunioris

316 1362 495 1416 Iacobi
560 1361 625 1413 de
686 1359 923 1412 Carraria
986 1358 1084 1411 viri
1147 1357 1338 1428 optimi
1401 1358 1713 1430 optimeque
1769 1360 1835 1412 de
1898 1361 2047 1414 nobis

190 1450 385 1514 meriti,
425 1447 517 1520 qui
555 1467 723 1518 nuper
760 1445 962 1499 Patavii
1001 1445 1245 1497 dominus
1284 1444 1454 1497 dictus
1493 1459 1589 1510 est,
1627 1466 1683 1498 re
1721 1461 1901 1499 autem
1938 1448 2047 1519 ipsa

191 1537 323 1590 nihil
351 1536 524 1588 minus
554 1553 714 1605 quam
746 1533 988 1585 dominus
1019 1551 1116 1584 nec
1145 1531 1306 1600 magis
1336 1550 1496 1602 quam
1525 1532 1816 1586 verissimus
1846 1535 2047 1605 patriae

189 1639 339 1696 pater
370 1624 493 1688 fuit,
520 1622 698 1675 laudes
734 1635 896 1692 atque
930 1622 1202 1672 fortunam
1232 1619 1353 1671 stilo
1380 1619 1669 1690 amplexus,
1695 1621 1820 1674 hinc
1847 1622 2047 1694 aliquid
2070 1635 2093 1677 5

189 1708 256 1761 ad
298 1722 353 1760 te
396 1706 618 1759 scribam
662 1704 849 1758 amoris
893 1702 1088 1755 scilicet
1133 1701 1490 1773 moerorisque
1531 1703 1863 1774 participem.
1910 1746 1923 1758 .
1970 1747 1983 1759 .

187 1795 338 1864 [Such
359 1813 390 1846 a
404 1793 680 1864 panegyric
698 1791 858 1844 would
873 1791 974 1843 win
993 1789 1073 1842 the
1089 1788 1345 1841 universal
1361 1790 1605 1858 approval
1620 1791 1678 1860 of
1685 1791 1829 1862 Italy
1847 1793 2048 1847 because

187 1882 246 1952 of
278 1881 358 1934 the
397 1899 548 1949 many
588 1879 778 1931 virtues
818 1878 876 1947 of
908 1878 1008 1930 this
1041 1877 1260 1948 prince.]
1333 1878 1556 1930 Accedit
1597 1878 1845 1949 indignae
1885 1895 2047 1953 atque

186 1967 426 2021 insolitae
458 1985 620 2036 genus
654 1964 856 2029 mortis,
892 1978 945 2016 et
979 1963 1034 2016 in
1069 1984 1172 2035 qua
1205 1964 1331 2016 fides
1366 1964 1689 2035 apertissima
1721 1967 1938 2037 vulgato
1970 1968 2046 2020 illi

186 2053 465 2127 proverbio
494 2066 867 2125 quaereretur3
915 2051 1111 2104 alienae
1139 2051 1416 2104 dominum
1443 2051 1556 2104 fieri
1584 2053 1877 2124 quemlibet
1904 2055 2044 2109 vitae
2070 2083 2116 2113 10

186 2142 428 2214 propriae
464 2154 909 2210 contemptorem.
981 2139 1119 2191 Tam
1155 2153 1375 2209 repente
1411 2138 1571 2204 enim,
1608 2139 1792 2192 mediis
1827 2140 1951 2194 licet
1988 2143 2044 2196 in

185 2228 541 2300 penetralibus
581 2225 972 2296 augustissimae
1014 2225 1199 2278 domus
1240 2245 1377 2291 suae,
1419 2226 1623 2296 ingenti
1663 2246 1944 2298 procerum
1984 2250 2042 2282 ac

185 2314 463 2379 nobilium,
498 2313 788 2367 amicorum
822 2312 1212 2383 custobdumque
1243 2312 1321 2365 sui
1355 2312 1584 2383 corporis
1619 2313 2040 2369 circumvallatus

184 2402 410 2472 agmine,
436 2402 554 2454 luce
581 2400 772 2465 media,
802 2399 886 2451 die
913 2401 1048 2451 festo
1075 2419 1281 2452 securus
1310 2414 1363 2452 et
1391 2400 1633 2453 incautus
1659 2401 1715 2454 in
1742 2401 1954 2455 obsceni
1981 2424 2039 2457 ac

186 2489 446 2559 desperati
466 2488 603 2541 canis
630 2502 701 2551 et,
725 2507 790 2539 ne
813 2487 942 2558 quid
967 2486 1311 2540 immanitatis
1336 2487 1561 2552 abforet,
1585 2488 1692 2541 eius
1714 2489 1852 2541 canis
1878 2510 2038 2560 quem
2066 2513 2109 2554 ¹5

184 2577 250 2630 ad
281 2595 512 2628 mensam
544 2594 689 2628 suam
721 2574 810 2626 illo
843 2574 926 2625 die
957 2588 1171 2644 paverat
1208 2574 1514 2646 assidueque
1544 2575 1807 2645 pascebat,
1840 2577 2039 2630 rabiem

182 2677 533 2733 cruentosque
566 2662 704 2714 nisus
736 2661 942 2726 incidit,
976 2676 1037 2713 ut
1051 2642 1216 2714 *nullo
1249 2681 1485 2732 unquam
1518 2662 1803 2732 indigniori
1834 2678 2037 2733 specta-

183 2750 301 2803 culo
329 2749 505 2801 oculos
532 2750 811 2801 hominum
840 2748 1068 2818 pollutos
1097 2768 1227 2800 rear.
1291 2748 1431 2801 Cum
1460 2749 1601 2801 enim
1629 2749 1727 2819 ipsi
1755 2749 1847 2820 qui
1875 2751 2036 2803 scelus

181 2836 474 2890 audivimus
511 2835 581 2887 sic
618 2835 795 2888 affecti
831 2854 1025 2899 sumuS,
1064 2854 1223 2905 quam
1260 2835 1433 2888 miseri
1470 2850 1592 2888 sunt
1630 2836 1822 2907 quibus
1857 2836 2036 2890 videre

117 2924 122 2928 ’
181 2922 406 2992 contigit
441 2921 776 2974 mitissimum
811 2935 972 2992 atque
1006 2919 1106 2972 alio
1139 2921 1245 2973 fine
1279 2921 1641 2991 dignissimum
1674 2921 1825 2974 illum
1858 2921 2031 2974 virum
2056 2947 2105 2976 20

180 3010 516 3080 belluamque
559 3008 811 3061 infamem
856 3028 913 3061 ac
959 3007 1259 3078 pestiferam
1305 3028 1412 3060 uno
1457 3022 1732 3060 momento
1778 3010 2029 3079 temporis
2088 3054 2091 3056 ,

178 3116 392 3168 unoque
431 3095 577 3149 velut
619 3095 833 3147 turbine
874 3098 1211 3151 corruentes!
1286 3095 1425 3147 Tam
1466 3114 1711 3165 praeceps
1757 3094 1897 3147 enim
1948 3095 2029 3148 in-

179 3184 508 3256 opinumque
530 3183 727 3235 malum
750 3183 872 3247 fuit,
897 3197 1114 3253 tamque
1136 3182 1454 3234 incredibilis
1477 3182 1801 3235 adstantium
1823 3196 2026 3252 stupor,

179 3285 240 3325 ut
278 3271 523 3324 fidissima
562 3283 775 3340 pectora
813 3289 909 3340 pro
948 3269 1128 3321 dilecti
1166 3269 1350 3339 capitis
1387 3269 1553 3322 salute
1590 3283 1818 3321 mortem
1857 3288 2026 3341 aequo

1043 3375 1072 3408 F
1100 3373 1129 3408 2
