2242 3600
321 206 720 260 IOHANNI
779 204 1282 258 COLVMNAE
1340 204 1841 257 CARDINALI
1942 219 2002 272 33

391 450 646 510 Iohanni
676 449 988 510 Columnae
1019 448 1352 509 Cardinali.
1422 448 1589 510 Fam.
1622 471 1679 511 v.
1708 447 1767 510 6.

264 584 524 640 BSOLVI
583 584 823 655 gravibus
881 584 1292 655 occupationum
1348 583 1545 656 laqueis
1602 585 1892 656 sperabam,
1953 598 2007 638 et

295 673 630 738 successisset,
672 686 734 725 ut
779 671 1022 737 arbitror,
1066 672 1161 724 nisi
1206 673 1513 725 constrictos
1558 674 1761 744 pietate
1806 674 2005 726 animos

152 779 360 831 serpens
397 760 485 813 ille
524 759 764 813 tabificus
802 758 1105 812 resolvisset.
1181 759 1307 810 Non
1334 778 1434 826 gre
1470 759 1667 830 Psyllus
1705 760 2005 831 promptius

153 866 314 918 quam
342 867 438 917 ego
460 867 589 919 aure
614 847 753 901 virus
782 847 986 916 agnovi.
1051 846 1230 898 Institi
1258 865 1545 912 occurrere,
1574 846 1665 899 sed
1691 848 1796 900 iam
1823 866 2007 900 vereor

98 931 104 936 ⁴
153 954 219 988 ne
236 934 392 987 letale
410 934 608 988 malum
626 935 694 987 sit
716 955 730 999 3
771 933 1050 986 retentabo
1069 947 1265 999 tamen,
1287 933 1454 986 donec
1473 933 1608 987 ullae
1625 934 1735 1005 spei
1754 933 2005 1005 reliquiae
2026 951 2050 994 5

152 1035 448 1093 supersunt.
525 1022 594 1074 Et
628 1023 802 1074 forsan
837 1021 949 1073 heri
985 1020 1051 1073 ad
1084 1039 1352 1090 vesperam
1386 1020 1469 1074 vel
1510 1021 1744 1092 repulsae
1781 1021 2004 1090 gratiam

153 1110 470 1175 meruissem,
504 1109 601 1161 nisi
633 1108 908 1161 consilium
942 1106 1230 1160 diremisset
1262 1108 1507 1160 festinata
1539 1127 1661 1174 noir,
1694 1122 1749 1160 et
1783 1108 2004 1162 domum

153 1197 407 1250 maturius
446 1196 695 1265 coegisset
732 1194 1129 1247 immedicabilis
1168 1194 1442 1263 aegritudo
1479 1195 1631 1248 huius
1670 1195 1831 1262 urbis,
1870 1214 2006 1266 quae

154 1282 334 1336 multis
368 1283 424 1335 in
458 1282 610 1335 rebus
646 1282 1064 1353 praeclarissima,
1100 1299 1268 1334 unum
1301 1281 1402 1333 hoc
1436 1280 1718 1335 obscurum
1753 1282 1914 1334 habet
1949 1296 2004 1334 et

153 1370 473 1424 obscoenum
504 1383 558 1422 et
588 1370 944 1423 inveteratum
975 1367 1190 1421 malum.
1258 1368 1599 1420 Nocturnum
1629 1369 1731 1420 iter
1760 1369 1863 1433 hic,
1896 1387 2002 1420 non
2027 1391 2075 1419 10

150 1477 293 1511 secus
323 1471 484 1528 atque
512 1457 652 1509 inter
683 1456 1001 1509 densissimas
1031 1454 1177 1508 silvas
1208 1474 1395 1525 anceps
1426 1474 1484 1507 ac
1513 1455 1754 1526 periculis
1785 1455 2002 1527 plenum

115 1533 121 1539 ’
152 1558 247 1610 est,
274 1543 635 1597 obsidentibus
660 1544 764 1596 vias
791 1542 1053 1594 nobilibus
1079 1541 1493 1594 adolescentibus
1519 1543 1747 1608 armatis,
1774 1561 2002 1613 quorum

150 1631 419 1684 licentiam
441 1630 583 1684 nulla
604 1649 840 1701 unquam
862 1629 945 1683 vel
966 1643 1180 1700 patrum
1203 1628 1475 1700 disciplina
1494 1628 1578 1682 vel
1599 1629 2002 1698 magistratuum

152 1719 434 1772 auctoritas
461 1717 545 1771 vel
572 1736 755 1788 regum
783 1717 1018 1769 maiestas
1048 1730 1209 1787 atque
1235 1716 1517 1786 imperium
1545 1717 1749 1768 frenare
1776 1717 1966 1787 quivit.

218 1804 365 1866 Quid
393 1819 571 1858 autem
601 1804 721 1856 miri
750 1791 852 1869 est,⁸
874 1804 914 1855 si
943 1802 1074 1874 quid
1101 1822 1195 1874 per
1223 1802 1466 1855 umbram
1496 1803 1664 1855 noctis
1694 1803 1840 1856 nullo
1869 1817 2003 1856 teste
2025 1820 2072 1865 ις

150 1892 475 1965 petulantius
510 1891 757 1957 audeant,
793 1909 933 1956 cum,
967 1890 1084 1943 luce
1118 1889 1308 1956 media,
1343 1890 1760 1988 inspectantibus
1795 1890 2001 1960 regibus

151 1999 209 2033 ac
246 1979 466 2050 popu10,
494 1979 702 2031 infamis
735 1977 823 2030 ille
859 1977 1197 2047 gladiatorius
1234 1976 1390 2030 ludus
1428 1978 1484 2030 in
1522 1977 1653 2030 urbe
1691 1977 1826 2030 Itala
1865 1977 2000 2033 cele-

150 2067 334 2121 bretur
383 2067 662 2138 plusquam
716 2065 984 2117 barbarica
1035 2064 1247 2117 feritate
1275 2068 1293 2118 ?
1381 2064 1486 2118 Vbi
1537 2083 1683 2117 more
1732 2064 2000 2152 pecudum

147 2155 351 2224 sanguis
395 2155 654 2207 humanus
699 2152 945 2206 funditur
988 2166 1042 2204 et
1085 2171 1237 2223 saepe
1279 2151 1653 2223 plaudentibus
1697 2153 2000 2205 insanorum

149 2242 343 2308 cuneiS,
366 2241 463 2295 sub
487 2240 648 2294 oculis
671 2241 980 2292 miserorum
1003 2253 1284 2310 parentum
1306 2239 1535 2292 infelices
1559 2239 1652 2291 filii
1674 2239 1998 2309 iugulantur,
2021 2263 2070 2292 20

149 2329 436 2400 iuguloque
472 2328 707 2398 gladium
745 2327 1079 2380 cunctantius
1118 2327 1374 2398 excepisse
1409 2327 1625 2380 infamia
1662 2345 1866 2380 summa
1903 2342 1998 2393 est,

150 2417 296 2488 quasi
330 2435 428 2487 pro
462 2414 730 2486 republica
765 2428 857 2467 aut
891 2433 988 2484 pro
1024 2427 1264 2466 aeternae
1296 2414 1437 2468 vitae
1470 2414 1711 2485 praemiis
1747 2428 1997 2467 certetur.

150 2503 285 2556 Illuc
317 2522 414 2573 ego
446 2502 653 2574 pridem
686 2502 891 2571 ignarus
926 2501 1165 2554 omnium
1200 2500 1388 2554 ductus
1421 2520 1537 2555 sum
1571 2501 1638 2554 ad
1670 2501 1846 2554 locum
1880 2501 1999 2554 urbi

151 2590 480 2659 contiguum,
509 2608 669 2660 quem
697 2588 1074 2654 ⁸Carbonariam
1101 2602 1310 2654 vocant,
1340 2607 1448 2641 non
1474 2588 1694 2658 indigno
1722 2588 1996 2654 vocabuIO,

134 2668 243 2731 ‘ubi
277 2677 472 2730 scilicet
509 2677 575 2729 ad
611 2677 794 2729 mortis
830 2675 1077 2729 incudem
1114 2690 1356 2729 cruentos
1393 2675 1565 2729 fabros
1603 2675 1842 2744 denigrat
1880 2690 1997 2728 tan·
2018 2692 2067 2736 25

103 2787 115 2795 ·
151 2779 330 2818 torum
363 2763 616 2817 scelerum
647 2763 871 2817 officina.
937 2762 1136 2815 Aderat
1168 2763 1367 2832 Regina
1398 2777 1452 2815 et
1483 2762 1715 2815 Andreas
1748 2762 1995 2831 ReguluS,

149 2871 280 2923 puer
301 2850 395 2904 alti
412 2851 589 2918 animi,
610 2852 651 2903 si
671 2869 907 2922 unquam
927 2850 1150 2903 dilatum
1172 2850 1412 2903 diadema
1431 2851 1733 2921 susceperit.
1795 2850 1995 2903 Aderat

148 2939 317 2991 omnis
339 2938 688 3009 Neapolitana
708 2938 914 3003 militia,
939 2956 1043 3008 qua
1063 2936 1205 2991 nulla
1225 2939 1506 3008 comptior,
1535 2937 1677 2990 nulla
1705 2937 1990 2991 decentior.

148 3025 346 3095 Vulgus
369 3026 611 3078 certatim
629 3044 786 3078 omne
810 3024 1150 3079 confluxerat.
1209 3026 1321 3095 Ego
1344 3025 1524 3096 itaque
1546 3039 1699 3078 tanto
1719 3044 1992 3091 concursu,

149 3127 404 3183 tantaque
438 3112 696 3165 clarorum
730 3113 1009 3165 hominum
1043 3112 1342 3165 intentione
1376 3131 1664 3183 suspensus,
1701 3125 1763 3164 ut
1796 3111 1992 3181 grande
2012 3131 2065 3171 30
2124 3142 2137 3156 .

148 3198 348 3270 aliquid
369 3199 585 3266 visurus,
608 3199 783 3253 oculos
805 3198 1136 3252 intenderam
1157 3220 1173 3266 3
1217 3199 1346 3252 dum
1368 3213 1602 3270 repente,
1626 3199 1771 3270 quasi
1793 3199 1992 3251 laetum

148 3281 403 3353 quiddam
442 3282 727 3349 accidisset,
767 3283 972 3354 plausus
1011 3283 1366 3336 inenarrabilis
1407 3283 1473 3335 ad
1519 3282 1724 3335 coelum
1765 3281 1989 3336 tollitur.

224 3383 325 3433 2548
1050 3389 1085 3422 D
