2242 3600
603 191 972 244 IACOBO
1028 191 1578 246 COLVMNAE
1977 206 2005 260 5

162 319 328 371 immo
359 337 483 371 vero
516 318 755 372 delusum
790 319 1114 391 aliquamdiu
1148 334 1466 391 exspectasse
1490 338 1577 373 me
1602 319 1819 384 Romae,
1846 319 2006 372 simu·

162 405 362 458 lantem
397 405 578 475 ingens
615 405 860 458 veniendi
898 420 1059 477 teque
1094 406 1365 460 revidendi
1402 405 1735 471 desiderium,
1774 404 2009 471 tandem,

163 490 311 562 quod
362 486 677 561 spectatores
730 492 902 544 callidi
953 494 1009 545 in
1061 494 1432 547 circulatorum
1484 492 1771 564 praestigiis
1822 491 2009 557 solent,
2033 511 2085 551 30

164 578 421 648 aperienti
462 578 559 630 tibi
599 579 774 631 oculos
817 593 870 632 et
904 580 961 632 in.
999 594 1131 633 artes
1167 599 1304 633 meas
1340 579 1652 651 profundius
1690 578 2010 644 intendenti,

164 683 378 717 omnem
410 665 607 734 ingenii
642 666 746 717 mei
777 685 983 719 scenam
1009 667 1236 736 patuisse
1264 672 1281 720 ?
1314 709 1325 719 .
1357 709 1368 720 .
1400 709 1412 720 .
1440 666 1545 738 [He
1573 667 1618 719 is
1637 667 1817 736 giving
1841 666 1900 718 P.
1933 666 2012 718 the

164 752 451 821 reputation
477 751 537 821 of
552 771 583 804 a
610 752 905 824 magician.]

240 836 342 890 Sed
377 838 480 890 iam
516 839 636 890 satis
670 858 931 909 superque
963 839 1139 891 iocum
1180 840 1466 904 traximus3
1521 840 1653 891 serio
1686 839 1842 892 velim
1882 839 2012 890 mihi

167 923 494 995 respondeas,
568 925 749 978 Cesset
775 926 1011 996 quamvis
1040 925 1194 978 ardor
1218 927 1405 978 faciem
1430 940 1577 978 tuam
1598 925 1832 991 videndi,
1855 944 2014 996 quem
2035 930 2082 971 35

165 1010 563 1064 laboriosissime
602 1012 657 1063 in
691 1026 942 1082 quartum
982 1031 1178 1064 annum
1213 1012 1316 1064 iam
1351 1013 1603 1082 protraxi,
1639 1011 1768 1065 dum
1803 1013 2014 1082 cogito:

168 1118 288 1151 ecce
307 1098 395 1150 ille
415 1118 522 1150 cras
545 1098 731 1164 aderit,
752 1119 870 1151 ecce
893 1113 953 1151 tu
974 1098 1227 1169 postridie
1248 1098 1497 1152 movebis.
1551 1098 1773 1152 Excidat
1800 1098 2016 1170 quidem

166 1203 409 1237 curarum
446 1205 554 1237 non
589 1185 864 1239 mediocris
901 1186 1159 1251 cumuluS,
1185 1205 1343 1256 quem
1377 1205 1498 1238 cum
1532 1185 1678 1238 nullo
1709 1185 2013 1239 mortalium

166 1271 262 1324 nisi
304 1286 481 1325 tecum
522 1292 690 1344 aequo
730 1274 906 1325 animo
945 1273 1195 1343 partirer3
1237 1273 1470 1344 quiescat
1507 1273 1723 1326 affectus
1765 1272 2013 1325 cernendi

165 1359 631 1429 praeclarissimum
664 1374 870 1430 patrem
901 1374 1074 1425 tuum,
1099 1360 1457 1429 magnanimos
1484 1361 1687 1424 fratres,
1715 1359 2012 1412 honestissi-
2038 1378 2088 1414 40

167 1464 275 1498 mas
301 1465 514 1511 sororeS,
535 1460 810 1517 exoptatos
839 1447 1128 1499 amicorum
1149 1445 1342 1499 vultus,
1401 1446 1604 1506 Quanti
1626 1445 1842 1498 demum
1864 1446 2016 1498 aesti-

112 1582 118 1587 .
171 1546 441 1585 maturum
487 1533 610 1586 reris
656 1534 864 1586 moenia
903 1533 1063 1587 Urbis
1108 1546 1163 1585 et
1208 1533 1378 1597 colles,
1421 1546 1492 1598 et,
1534 1546 1596 1585 ut
1637 1533 1710 1585 ait
1753 1532 2019 1602 Virgilius,

135 1652 139 1655 -
171 1620 186 1644 ‘
203 1619 440 1672 Tuscum
457 1620 699 1672 Tiberim
719 1635 773 1673 et
794 1621 1030 1673 Romana
1047 1620 1278 1690 palatia,’
1299 1624 1544 1672 cernere?
1601 1619 1763 1672 Credi
1784 1639 1892 1672 non
1908 1639 2020 1689 pos-

171 1720 250 1759 set
270 1720 533 1777 quantum
556 1707 742 1759 urbem
763 1707 924 1773 illam,
948 1707 1205 1759 desertam
1234 1707 1487 1776 quamvis,
1508 1720 1561 1758 et
1587 1706 1775 1758 veteris
1797 1705 2020 1775 effigiem

170 1793 386 1859 Romae,
418 1807 653 1864 spectare
692 1795 920 1864 cupiam,
953 1812 1112 1875 quam
1153 1811 1425 1874 nunquam
1465 1791 1591 1857 vidi,
1624 1792 1716 1844 ubi
1746 1792 2020 1862 segnitiem
2041 1813 2088 1855 45

171 1899 361 1946 meam,
386 1881 426 1932 si
459 1894 638 1933 tamen
664 1881 904 1951 segnities
934 1895 998 1933 et
1016 1899 1123 1933 non
1150 1880 1421 1932 necessitas
1449 1879 1570 1944 fuit,
1599 1880 1797 1932 incuso,
1860 1879 2020 1932 Exul-

173 1980 283 2018 tare
314 1967 453 2019 mihi
491 1967 703 2020 videtur
744 1967 938 2020 Seneca
978 1967 1043 2019 ad
1082 1967 1348 2019 Lucilium
1388 1966 1613 2019 scribens
1655 1987 1716 2018 ex
1754 1968 1864 2037 ipsa
1902 1967 2023 2019 villa

173 2053 426 2124 Scipionis
462 2054 713 2120 Africani,
752 2075 847 2107 nec
884 2055 1154 2107 modicum
1192 2054 1340 2106 ducit
1376 2053 1560 2106 vidisse
1592 2054 1771 2106 locum
1808 2054 1900 2106 ubi
1935 2054 2022 2106 ille

171 2141 250 2193 vir
275 2154 452 2193 tantus
477 2141 792 2207 exulaverat,
818 2141 910 2194 ubi
934 2155 1123 2211 negata
1144 2141 1345 2211 patriae
1369 2160 1477 2193 ossa
1501 2140 1800 2211 reliquerat.
1861 2140 2022 2201 Quod

171 2228 212 2280 si
237 2229 461 2298 contigit
486 2229 723 2299 Hispano
748 2229 969 2293 homini,
996 2227 1126 2298 quid
1151 2247 1235 2279 me
1260 2228 1530 2280 hominem
1558 2228 1805 2281 Italicum
1830 2227 2022 2280 sentire
2045 2237 2096 2277 50

171 2328 325 2384 putas
353 2318 370 2367 ?
441 2316 567 2367 Non
600 2315 665 2367 de
702 2316 822 2368 villa
854 2315 1061 2367 Literni
1094 2328 1184 2366 aut
1218 2313 1283 2366 de
1322 2313 1576 2384 Scipionis
1609 2313 1902 2384 sepulchrO,
1934 2313 2023 2366 sed

173 2400 239 2452 de
270 2400 402 2453 urbe
433 2401 619 2466 Roma,
654 2401 746 2454 ubi
763 2401 954 2477 (SIC—ipio
988 2415 1139 2453 natus
1174 2415 1268 2465 est,
1303 2400 1394 2452 ubi
1428 2400 1697 2466 educatus,
1732 2400 1823 2452 ubi
1854 2401 2025 2452 victor

170 2486 314 2539 idem
348 2501 402 2539 et
435 2507 550 2540 reus
583 2488 696 2558 pari
728 2487 891 2557 gloria
926 2487 1310 2557 triumphavit3
1366 2488 1458 2541 ubi
1492 2507 1599 2540 non
1632 2506 1764 2539 unus
1798 2486 1901 2551 ille,
1935 2485 2023 2538 sed

171 2574 575 2627 innumerabiles
608 2576 853 2628 vixerunt
885 2574 999 2639 viri,
1033 2593 1162 2644 quos
1196 2593 1468 2644 nunquam
1501 2576 1640 2626 fama
1673 2574 1896 2626 tacitura
1929 2587 2022 2625 est.

173 2661 259 2713 De
281 2661 512 2727 civitate,
536 2662 773 2733 inquam,
796 2661 900 2726 illa,
926 2661 1010 2713 cui
1034 2661 1175 2712 nulla
1198 2661 1374 2713 similis
1397 2661 1519 2726 fuit,
1543 2660 1685 2712 nulla
1707 2662 1887 2713 futura
1909 2674 1986 2712 est
2009 2680 2022 2724 3
2046 2673 2094 2716 55

174 2766 310 2818 quae
335 2747 515 2800 civitas
542 2768 724 2817 regum
753 2748 912 2800 etiam
940 2747 1004 2799 ab
1030 2747 1182 2799 hoste
1207 2746 1349 2799 dicta
1375 2761 1468 2799 est.
1545 2748 1630 2799 De
1655 2747 1800 2799 cuius
1825 2747 2024 2817 populo

175 2835 431 2905 scriptum
450 2835 668 2905 legimus
694 2857 705 2888 ε
727 2837 741 2860 ⁶
764 2836 964 2904 Magna
983 2849 1059 2886 est
1078 2836 1292 2886 fortuna
1310 2834 1493 2904 populi
1512 2834 1753 2900 Romani,
1773 2853 2023 2904 magnum

177 2935 232 2974 et
260 2922 493 2974 terribile
521 2942 716 2974 nomen
738 2924 750 2946 ’
777 2944 790 2987 ;
840 2922 984 2974 cuius
1013 2921 1121 2973 sine
1149 2920 1388 2991 exemplo
1415 2920 1835 2990 magnitudinem
1861 2934 2025 2991 atque
2079 2956 2084 2971 1

175 3008 642 3079 incomparabilem
690 3008 1047 3062 monarchiam
1095 3009 1331 3060 futuram
1379 3022 1815 3078 praesentemque
1862 3007 2026 3059 divini
2082 3031 2090 3038 ’

176 3096 482 3148 cecinerunt
508 3110 666 3148 vateS.
2047 3107 2097 3148 60

248 3182 448 3252 Nequev
470 3202 565 3252 ego
597 3202 738 3235 nunc
771 3182 1028 3233 Romanas
1060 3200 1347 3251 prosequor
1376 3180 1590 3246 laudes3
1643 3182 1810 3233 maior
1839 3200 1916 3233 res
1949 3195 2026 3233 est

178 3286 336 3339 quam
383 3254 444 3321 ut
489 3270 651 3340 possit
696 3288 724 3321 a
771 3280 1156 3321 transcurrente
1201 3268 1430 3320 tractari.
1513 3267 1617 3320 Sed
1661 3268 1788 3320 haec
1833 3268 2024 3320 cursim
