2242 3600
175 181 566 235 GVIDONI
623 179 1330 236 ARCHIEPISCOPO
1388 183 1835 236 GENVENSI
1913 200 2005 253 115

162 319 431 370 aestatem,
481 306 823 359 diversorium
869 307 1288 358 amoenissimum
1332 306 1837 377 saluberrimumque
1882 308 2003 361 adii.

162 392 526 461 Garignanum
568 407 777 458 vocant,
821 393 1006 458 tribuS,
1049 406 1110 445 ut
1151 407 1450 459 numerant,
1492 412 1735 464 passuum
1777 394 2004 447 millibus

161 477 228 529 ab
266 478 376 548 ipsa
415 479 545 531 urbe
583 493 862 531 semotum.
938 479 1043 531 Rus
1083 492 1261 530 autem
1300 480 1355 531 in
1394 479 1613 550 planitie
1650 480 1912 534 elevatum
1952 496 2005 534 et

161 565 397 617 cinctum
443 565 682 636 undique
723 565 976 631 fontibus,
1022 584 1129 616 non
1172 564 1269 617 illis
1313 566 1529 636 quidem
1575 565 1784 635 Sorgiae
1827 582 2006 620 nostro
2028 582 2078 632 85

164 650 512 722 Transalpino
545 652 772 722 paribus,
805 651 895 703 sed
927 651 1174 703 modestis
1208 671 1265 703 ac
1297 651 1498 718 lucidis,
1534 666 1750 723 tamque
1780 655 2007 707 suaviter

161 737 387 791 invicem
420 738 674 808 perplexis
708 757 766 790 ac
799 739 955 807 vagis,
971 752 1052 806 git
1084 737 1734 810 underven-iaQnguo
1767 755 2007 810 pergant,

127 824 733 896 QQEAEOEQJICEL
765 866 776 877 .
808 866 820 877 .
885 822 1045 894 [Here
1070 825 1129 876 he
1156 826 1404 877 continues
1428 825 1507 878 his
1530 826 1675 879 usual
1699 829 2009 897 occupations

162 911 264 962 and
288 912 457 981 enjoys
478 923 676 980 greater
700 911 882 981 liberty
910 912 964 963 in
994 911 1072 963 the
1099 910 1342 982 country]

229 998 320 1049 Est
347 998 432 1049 hic
460 997 738 1050 Carthusia
766 998 951 1050 domus
980 1017 1113 1051 nova
1139 997 1229 1049 sed
1256 998 1461 1051 nobilis.
1524 1000 1665 1052 Hinc
1693 1001 1823 1053 mihi
1850 1002 2006 1072 quid·
2029 1021 2079 1060 90

159 1084 290 1154 quid
334 1085 501 1165 xsancti
547 1084 726 1154 gaudii
772 1086 907 1137 sumi
955 1098 1131 1155 potest
1179 1085 1316 1137 horis
1365 1086 1607 1139 omnibus
1655 1102 1862 1158 praesto
1909 1104 2004 1143 est.

159 1171 506 1223 Decreveram
547 1171 686 1223 intra
725 1172 883 1242 ipsius
925 1172 1165 1224 coenobii
1204 1187 1381 1242 saepta
1421 1173 1682 1240 concludi,
1724 1175 1872 1245 quod¹
1908 1176 2005 1228 illis

157 1258 486 1310 sanctissimis
509 1258 628 1311 viris
653 1277 718 1310 an
740 1258 871 1309 mihi
892 1259 1087 1327 gratius
1109 1259 1389 1312 incertum.
1450 1260 1533 1312 Ita
1555 1280 1612 1312 re
1632 1262 1834 1314 factum
1857 1277 2004 1329 esset,

109 1409 115 1414 .
158 1363 254 1396 nec
283 1344 499 1397 verebar
529 1364 594 1397 ne
624 1364 728 1415 qua
757 1346 811 1396 in
843 1364 898 1397 re
928 1346 1217 1415 praesentia
1248 1365 1363 1399 mea
1392 1347 1504 1399 illos
1535 1348 1865 1414 offenderet3
1915 1351 2006 1403 sed

158 1445 404 1501 reputans
438 1450 522 1483 me
554 1432 662 1484 sine
694 1433 838 1502 equis
873 1451 929 1484 ac
963 1433 1186 1498 famulis,
1221 1447 1282 1486 ut
1315 1433 1487 1486 adhuc
1520 1448 1596 1486 est
1629 1435 1767 1488 vitae
1800 1437 2005 1503 modus,
2031 1452 2082 1492 95

158 1537 263 1570 esse
285 1538 392 1570 non
414 1538 577 1589 posse,
602 1519 758 1571 timui
781 1539 846 1570 ne
867 1519 1060 1572 servilis
1084 1520 1396 1573 temulentia
1418 1540 1475 1573 ac
1497 1523 1746 1591 strepitus
1769 1523 2005 1593 religioso

157 1604 365 1657 silentio
404 1605 689 1658 obstarent.
768 1605 850 1657 Sic
890 1607 1115 1659 vicinam
1154 1607 1365 1660 illorum
1406 1608 1625 1661 domum
1664 1609 1824 1663 malui
1864 1612 2007 1664 unde

158 1690 331 1743 officio
379 1711 632 1762 praesens,
685 1692 860 1744 taedio
908 1707 1086 1745 autem
1136 1694 1314 1746 absens
1364 1696 1480 1765 piae
1528 1695 1755 1748 familiae
1804 1696 2005 1750 devotis

159 1774 379 1839 actibus,
425 1776 570 1845 quasi
614 1794 796 1827 eorum
842 1795 992 1841 unus,
1038 1776 1384 1846 quandolibet
1428 1779 1700 1831 intersum.
1789 1778 2004 1833 Sacrum

159 1861 289 1912 mihi
326 1862 581 1913 continuo
617 1861 778 1914 limen
816 1876 983 1932 patet,
1023 1883 1050 1914 a
1087 1882 1196 1933 quo
1230 1865 1415 1916 famuli
1453 1866 1556 1917 mei
1593 1866 1807 1918 exulant
1845 1882 2005 1938 atque
2031 1890 2103 1918 100

158 1947 402 2013 advenae,
446 1949 542 2000 nisi
584 1949 683 2001 rari
725 1949 1031 2014 admodum,
1075 1969 1202 2019 quos
1245 1951 1383 2004 vitae
1425 1951 1644 2021 qualitas
1689 1952 1781 2005 tali
1823 1953 2005 2023 dignos

158 2035 284 2086 facit
311 2035 541 2104 hospitio
571 2077 582 2086 .
614 2077 625 2087 .
657 2077 668 2087 .
735 2034 808 2104 [Y
809 2036 868 2086 he
894 2035 1004 2105 only
1034 2036 1175 2105 thing
1199 2037 1401 2107 lacking
1426 2040 1470 2089 is
1498 2038 1577 2090 the
1598 2052 1827 2109 presence
1853 2040 1911 2111 of
1927 2041 2007 2093 his

157 2121 238 2175 old
251 2120 468 2191 friend]
526 2122 670 2174 Vale.
733 2121 932 2192 [1357]

157 2342 460 2402 Francisco
499 2343 696 2402 Priori
734 2344 1063 2404 Sanctorum
1102 2346 1513 2426 Apostolorum.
1602 2348 1766 2408 Fam.
1809 2372 1904 2409 xx.
1947 2366 2003 2428 7.
2044 2356 2048 2363 ’

286 2480 391 2533 ΟΝ
426 2495 590 2547 tuam,
624 2484 809 2548 fateor,
842 2483 1013 2552 legere
1043 2484 1176 2536 visus
1215 2483 1490 2553 epistolam
1524 2503 1658 2550 sum,
1690 2485 1780 2537 sed
1814 2486 2002 2552 Flacci,

285 2586 407 2620 cum
446 2587 554 2639 quo
599 2569 771 2621 iocans
817 2569 1039 2622 Caesar:
1095 2571 1109 2594 ‘
1132 2571 1296 2623 vereri
1319 2571 1332 2594 ’
1373 2571 1565 2642 inquit,
1607 2573 1622 2596 ‘
1645 2572 1775 2624 mihi
1815 2573 2003 2626 videris

159 2673 225 2705 ne
261 2654 476 2706 maiores
513 2674 588 2707 res
625 2654 787 2707 libelli
825 2657 904 2708 tui
939 2657 1043 2708 sint
1080 2653 1239 2726 qu'am
1274 2657 1383 2727 ipse
1419 2660 1506 2710 es.'
1591 2657 1724 2711 Sane
1760 2678 1893 2730 quae
1928 2661 2005 2714 illi

159 2740 347 2806 defuit,
381 2741 479 2793 tibi
509 2742 653 2794 adest
685 2743 959 2795 mediocris
990 2758 1043 2796 et
1075 2744 1275 2814 elegans
1304 2734 1568 2799 staturas*
1627 2745 1738 2798 Sibi
1768 2767 1891 2816 ergo
1920 2749 2003 2801 vel

158 2827 376 2892 ludicra,
420 2828 519 2880 tibi
561 2847 818 2898 quaenam
862 2844 1041 2882 tantae
1083 2830 1351 2885 brevitatis
1394 2834 1657 2884 excusatio
1698 2834 1833 2885 iusta
1874 2849 1950 2887 est
1980 2839 1997 2887 ?
2025 2849 2048 2889 5

160 2913 262 2966 Sed
287 2914 418 2985 quid
441 2914 629 2985 loquor
657 2920 674 2969 ?
737 2916 1017 2970 Providisti
1043 2918 1183 2970 enim
1209 2933 1262 2971 et
1288 2937 1500 2971 omnem
1526 2920 1660 2972 hanc
1686 2921 2000 2974 calumniam
2076 2979 2082 2985 “

158 3002 214 3054 in
256 3002 512 3070 angustias
546 3004 796 3073 temporis
828 3004 1067 3058 reiecisti.
1147 3004 1341 3072 Cred0,
1375 3006 1609 3077 aedepol,
1643 3026 1764 3060 nam
1807 3022 1861 3060 et
1904 3016 2000 3078 ego

158 3107 402 3158 persaepe
435 3088 575 3140 idem
608 3091 815 3159 patior3
870 3105 931 3143 ut
966 3110 1087 3144 cum
1120 3092 1288 3145 multa
1319 3093 1541 3146 scribere
1574 3095 1800 3164 cupiam,
1835 3114 2000 3165 pauca

68 3188 77 3198 ⁸
157 3175 309 3228 sinar.
375 3175 600 3227 Proinde
629 3177 759 3246 quid
788 3178 989 3247 quaeris
1018 3182 1036 3231 ?
1103 3178 1187 3231 An
1218 3179 1283 3231 ad
1313 3198 1398 3232 me
1425 3180 1634 3232 litterae
1663 3182 1998 3250 pervenerint

160 3263 548 3332 tuaelproximis
574 3263 639 3315 ad
664 3278 717 3315 te
740 3265 928 3318 litteris
954 3265 1078 3317 meis
1103 3266 1400 3319 absolutum
1423 3267 1620 3336 legeriS,
1646 3282 1699 3320 et
1723 3268 1839 3322 viva
1863 3267 1996 3320 illius
2024 3286 2072 3314 10

1044 3369 1062 3404 1
1091 3368 1119 3405 2
