2242 3600
263 170 360 239 156
629 167 1023 221 IOHANNI
1082 169 1191 221 DE
1247 167 1726 222 CERTALDO

258 297 559 349 admiranda
587 296 879 367 spectacula
910 295 1264 347 delectassent.
1330 296 1425 347 Me
1456 296 1594 347 enim
1624 297 1791 348 fateor
1821 294 2093 348 delectant

258 382 621 452 detinentque,
641 382 735 434 nisi
756 381 899 451 quod
921 381 1020 433 alio
1043 400 1163 434 suae
1183 381 1416 433 animum
1439 381 1655 433 trahunt
1676 400 1843 433 curae.
1897 382 2085 452 Itaque

256 469 359 520 iarn
387 469 508 520 hinc
534 468 680 533 abe0,
702 467 843 519 haud
871 467 1064 520 invitus
1096 481 1289 532 tamen,
1311 468 1504 519 iterum
1530 467 1615 518 hic
1636 485 1830 519 menses
1853 467 2085 532 aestivOS,

186 565 235 603 60
256 554 391 624 siqui
420 554 548 605 mihi
577 556 688 605 fato
717 553 894 605 aestivi
924 572 1118 606 menses
1147 567 1473 623 supererunt,
1504 566 1726 604 acturus.

326 639 552 699 Quando
580 653 756 691 autem
783 639 858 691 ita
885 659 960 691 res
990 639 1131 704 tulit,
1161 653 1221 691 ut
1251 653 1303 690 te
1331 638 1393 690 ab
1423 625 1664 708 amplexu
1691 656 1809 690 meo
1834 637 1916 690 vel
1941 637 2088 691 labor

258 710 569 795 viriumque,
595 725 741 796 quod
762 725 872 795 ipse
896 725 1114 790 testariS,
1141 724 1448 789 diffidentia,
1472 723 1554 777 vel
1578 737 1784 793 tempus
1808 737 2087 792 angustum

259 812 596 882 reditumque
634 825 789 864 tuum
829 810 1174 881 exspectantis
1214 810 1412 881 patriae
1449 810 1608 862 iussus
1650 823 1863 875 arceret,
1901 809 2101 862 vellem«

259 898 563 950 Guidonem
584 897 767 950 saltem
789 916 985 964 meum,
1012 898 1320 949 Ianuensem
1346 895 1828 966 Archiepiscopum,
1851 908 1904 947 et
1924 894 1979 946 in
1999 893 2090 947 illo

189 997 236 1047 65
258 983 452 1053 pariter
474 1002 557 1036 me
567 983 800 1057 fflisses,
824 983 916 1054 qui
936 1002 1137 1035 summa
1157 981 1434 1034 concordia
1454 982 1789 1035 voluntatum
1810 999 2090 1051 rerumque

258 1070 495 1122 omnium
516 1070 579 1131 ab
598 1070 819 1122 infantia
837 1088 1011 1121 secum
1030 1069 1152 1122 vixi.
1199 1067 1445 1136 ffidisses,
1466 1066 1782 1132 mihicrede,
1803 1066 2089 1131 hominem,

259 1176 475 1227 corpore
513 1155 637 1209 licet
677 1155 983 1221 invalidum,
1026 1154 1200 1207 animo
1239 1155 1309 1206 sic
1350 1154 1611 1207 valentem
1652 1167 1714 1206 ut
1753 1152 1976 1206 vivacius
2018 1151 2093 1205 nil

255 1242 443 1319 vidisse
475 1257 529 1295 te
562 1242 770 1308 diceres,
803 1243 964 1313 inque
995 1241 1163 1311 fragili
1202 1254 1255 1293 et
1288 1240 1480 1293 caduca
1514 1240 1671 1292 domo
1709 1257 1957 1308 magnum
1995 1238 2090 1291 ho-

259 1328 450 1398 spitem
477 1328 713 1381 habitare
738 1348 884 1399 posse
910 1327 1158 1380 fatereris,
1228 1326 1371 1387 Quid
1405 1325 1581 1378 multis
1610 1344 1756 1395 agam
1785 1329 1802 1378 ?
1870 1324 2092 1399 Xi-disses

193 1439 238 1478 70
261 1433 419 1484 quem
453 1415 764 1484 quaerimus,
800 1415 971 1467 virum
1006 1412 1400 1479 bonum,{{nulla
1440 1413 1494 1464 ni
1527 1411 1677 1464 fallor
1711 1409 2094 1477 crebrum,zsed

261 1500 401 1552 nulla
433 1514 604 1552 aetate
635 1500 834 1553 bonum
866 1494 1038 1560 rarius}
1057 1518 1215 1570 quam
1246 1508 1437 1572 nostrass
1470 1517 1628 1569 quem
1661 1498 1759 1550 tibi
1780 1486 1896 1550 'non
1923 1497 2093 1564 gisum

262 1585 448 1650 dole03
511 1606 682 1657 neque
722 1601 831 1639 tam
872 1601 993 1639 tuae
1033 1605 1191 1656 quam
1231 1586 1382 1637 amici
1421 1585 1710 1637 communis
1752 1583 2096 1654 negligentiae

259 1671 341 1724 vel
382 1671 631 1725 oblivioni
670 1673 897 1743 imputo,
938 1673 1030 1742 qui
1071 1686 1124 1724 te
1162 1671 1273 1741 pati
1314 1690 1419 1723 non
1461 1670 1645 1722 debuit
1682 1687 1948 1739 generosas
1987 1668 2095 1721 illas

261 1760 428 1811 caulas
456 1759 620 1828 gregis
650 1758 857 1828 egregii,
886 1757 1167 1810 insalutato
1195 1771 1418 1827 pastore,
1446 1756 1742 1826 praeterire.

193 1860 240 1901 75
330 1845 402 1896 Vt
443 1844 709 1914 querelam
751 1863 876 1897 vero
916 1843 1266 1913 gratulatione
1308 1842 1634 1907 concludam,
1675 1840 1877 1911 gaudeo
1923 1839 2096 1893 hercle

262 1929 405 1999 quod
442 1930 582 2000 apud
616 1930 780 2000 ipsam
817 1930 1155 2000 Babylonem,
1192 1949 1320 2000 quos
1357 1929 1486 1981 mihi
1522 1929 1743 1999 reliquos
1780 1947 1916 1980 mors
1951 1928 2095 1994 fecit,

258 2016 447 2085 videris
468 2016 617 2068 illum
644 2030 764 2068 ante
786 2016 907 2068 alios
933 2036 1051 2069 vere
1076 2030 1299 2087 patrem,
1322 2029 1383 2068 ut
1410 2015 1552 2080 dicis,
1575 2033 1751 2067 meum
1771 2013 2092 2084 Philippum,

263 2103 783 2155 Hierosolimitanum
820 2103 1190 2168 Patriarcham,
1228 2103 1398 2155 virum
1436 2116 1498 2154 ut
1535 2101 1678 2154 brevi
1715 2119 1836 2153 eum
1873 2100 2106 2174 circum-⁴

260 2189 529 2241 locutione
551 2188 855 2255 describam,
879 2203 933 2242 et
956 2189 1114 2241 titulo
1135 2208 1314 2259 parem
1335 2207 1427 2240 suo
1450 2207 1543 2239 nec
1566 2187 1803 2239 Romano
1823 2186 2096 2256 imparem,

192 2285 242 2323 80
261 2274 302 2327 si
325 2274 537 2345 quando
559 2277 697 2327 forte
721 2274 904 2343 dignus
929 2275 1125 2327 meritis
1148 2275 1316 2327 honor
1338 2274 1618 2327 accesserit.
1675 2272 1796 2338 Hic,
1820 2285 1882 2324 ut
1902 2271 2096 2336 scribis,

262 2375 382 2432 post
421 2361 599 2431 longos
643 2363 925 2433 amplexuS,
968 2364 1156 2434 quibus
1200 2377 1253 2416 te
1293 2363 1541 2415 hactenus
1581 2359 1678 2412 sibi
1719 2360 1961 2428 ignotum
2002 2376 2095 2410 ceu
2143 2377 2145 2379 ·

265 2447 488 2500 alterum
541 2467 625 2499 me
676 2449 733 2500 i'n
785 2464 1070 2519 conspectu
1121 2450 1311 2501 summi
1363 2446 1628 2500 Pontificis
1682 2464 1739 2496 ac
1792 2443 2098 2496 mirantium

266 2533 624 2585 Cardinalium
651 2534 758 2586 veri
786 2535 972 2587 amoris
999 2535 1132 2587 ulnis
1160 2535 1482 2598 astrinxerat,
1510 2546 1628 2602 post
1654 2531 1740 2601 pia
1766 2529 1953 2595 oscula,
1980 2541 2100 2600 post

271 2634 415 2687 grata
447 2619 703 2689 colloquia
733 2634 786 2672 et
818 2620 883 2672 de
911 2635 1051 2673 statu
1083 2640 1200 2672 meo
1228 2620 1466 2672 sollicitas
1497 2617 1820 2688 quaestiones
1850 2615 2099 2668 ultimum

196 2717 245 2766 85
267 2706 433 2758 oravit
482 2719 543 2758 ut
590 2706 784 2758 librum
836 2710 992 2762 Vitae
1039 2709 1324 2772 Solitariae,
1375 2705 1500 2757 olim
1564 2704 1691 2756 dum
1740 2701 2098 2756 Cavallicensis

267 2790 506 2842 ecclesiae
539 2792 740 2860 praesul
774 2807 920 2858 esset,
955 2794 1011 2845 in
1043 2812 1162 2845 rure
1192 2812 1286 2845 suo
1317 2791 1571 2860 scriptum
1605 2804 1659 2842 et
1692 2789 1738 2842 ei
1770 2788 2098 2859 inscriptum,

268 2877 548 2947 aliquando
574 2878 670 2929 sibi
698 2878 981 2931 mitterem.
1045 2879 1189 2931 Iusta
1215 2877 1429 2949 quidem
1455 2876 1646 2947 petitio
1669 2895 1759 2928 sua
1785 2889 1878 2940 est,
1905 2894 1968 2927 ex
1992 2893 2099 2945 quo

269 2962 577 3032 opusculum
619 2963 749 3015 illud
792 2964 1003 3030 absolvi,
1045 2965 1135 3016 sed
1175 2964 1443 3017 videntem
1484 2963 1659 3014 omnia
1700 2963 1876 3013 Deum
1919 2974 2099 3026 testor,

270 3049 434 3101 decies
468 3049 548 3100 vel
582 3069 643 3100 eo
683 3050 900 3119 amplius
941 3051 1197 3103 retentavi
1230 3051 1304 3102 ita
1335 3050 1588 3119 scriptum
1629 3049 1856 3113 mittere,
1891 3060 1969 3113 ut,
2004 3046 2101 3100 etsi

198 3163 247 3202 90
271 3135 417 3188 stilus
487 3154 656 3205 neque
713 3155 855 3187 aures
915 3156 1084 3206 neque
1142 3137 1392 3201 animum,
1449 3135 1626 3187 littera
1681 3134 1862 3191 saltem
1925 3132 2099 3186 oculos

269 3221 572 3275 oblectaret.
644 3222 840 3274 Verum
876 3224 1053 3276 studio
1090 3242 1207 3276 meo
1243 3237 1474 3292 votoque
1511 3221 1719 3274 obstitit
1754 3219 1857 3286 illa,
1897 3219 1962 3272 de
1997 3238 2101 3290 qua
