2242 3600
268 179 363 246 136
756 179 1046 232 PVLICI
1102 180 1607 235 VICENTINO

259 323 425 380 guero
454 307 606 357 fuisse
636 306 991 371 memineram,
1023 326 1137 358 eam
1168 306 1232 358 de
1260 306 1350 358 illo
1377 326 1530 374 senex
1559 307 1860 376 opinionem
1889 322 2091 376 gereret

193 407 239 448 75
262 390 503 443 altissime
546 391 827 443 radicatam
851 412 864 456 ;
929 412 1022 444 nec
1065 393 1292 462 cogitare
1334 392 1548 462 quidem
1590 406 1761 462 posset
1802 413 1860 445 ea
1900 407 2089 458 aetate,

259 477 419 530 homo
440 479 479 529 si
503 478 605 530 fuit
628 478 830 543 Cicem,
855 497 1171 550 consequens
1194 498 1297 532 esse
1319 493 1380 530 ut
1402 479 1457 530 in
1479 478 1809 548 quibusdam,
1834 498 1899 531 ne
1921 479 2090 532 dicam

259 564 453 628 multis,
490 564 751 616 erraverit.
821 565 979 624 Quod
1011 586 1107 635 ego
1140 579 1279 617 certe
1310 565 1413 616 iam
1447 565 1639 634 partim
1672 566 1863 634 cogito,
1897 565 2090 636 partim

257 651 378 715 scio,
401 650 495 701 etsi
518 649 686 701 adhuc
709 650 896 702 nullius
919 670 1080 721 aeque
1102 650 1331 703 delector
1353 648 1560 720 eloquio
1582 671 1595 714 3
1638 669 1731 702 nec
1751 651 1876 721 ipse,
1899 650 1964 703 de
1984 669 2090 720 quo

255 735 540 805 loquimur,
577 735 781 788 Tullius
816 737 1039 805 ignorat,
1075 757 1225 807 saepe
1262 736 1326 789 de
1360 737 1580 806 propriis
1615 737 1842 805 graviter
1876 750 2088 806 questus

188 833 238 870 80
259 821 533 886 erroribus,
565 840 723 891 quem
755 823 850 874 nisi
879 823 949 874 sic
982 822 1045 874 de
1074 842 1126 875 se
1154 823 1360 875 sensisse
1389 825 1664 888 fateamur,
1694 821 1941 874 laudandi
1969 822 2086 874 libi-

260 907 380 959 dine
403 922 456 959 et
480 908 724 977 notitiam
746 909 823 960 sui
845 909 1001 978 ipsius
1025 923 1078 961 et
1105 927 1345 978 magnam
1371 908 1446 960 illi
1473 922 1676 978 partem
1703 908 2091 979 philosophicae

254 993 421 1046 laudis
446 994 709 1063 eripimUS,
729 994 1060 1066 modestiam.
1121 995 1373 1047 Ceterum
1398 1014 1487 1046 nos
1513 994 1596 1047 die
1618 994 1708 1047 illo
1731 1008 1849 1065 post
1870 993 2087 1064 longum

256 1098 564 1144 sermonem,
597 1079 724 1131 hora
755 1079 969 1132 demum
999 1080 1385 1150 interpellante,
1416 1081 1744 1146 surreximus,
1777 1094 1936 1151 atque
1964 1079 2089 1132 inde

256 1166 458 1234 integra
485 1165 578 1217 lite
601 1165 874 1238 discessum
904 1180 979 1219 est
1077 1208 1089 1220 .
1154 1166 1258 1236 [He
1287 1168 1330 1218 is
1358 1185 1461 1218 now
1487 1167 1690 1235 sending
1710 1166 1882 1219 Pulice
1910 1186 1941 1218 a
1970 1179 2088 1236 copy

185 1268 233 1316 85
256 1237 313 1320 of
331 1252 409 1303 the
437 1264 525 1303 two
550 1252 715 1303 letters
743 1265 786 1304 to
810 1252 1023 1324 Cicera]
1081 1253 1223 1305 Vale.
1289 1273 1367 1306 111.
1397 1252 1520 1305 Idus
1541 1253 1724 1305 Maias..
1786 1253 1863 1304 Ex
1881 1252 2086 1305 itinere.

252 1337 453 1407 [1351]

711 1468 931 1528 Socrati
957 1490 1070 1528 sue.
1154 1469 1317 1529 Fam.
1350 1470 1504 1530 xxiv.
1544 1487 1629 1547 13.

264 1598 446 1725 Ate
472 1590 807 1661 principium,
835 1591 889 1643 in
918 1604 971 1644 te
998 1591 1128 1644 finis.
1199 1592 1372 1645 Habes
1398 1612 1536 1662 erg0,
1562 1593 1635 1644 mi
1663 1591 1914 1657 Socrates,
1942 1590 2087 1662 quod

397 1677 607 1745 optasti,
641 1676 835 1729 librum
871 1697 900 1729 e
933 1678 1057 1729 meis
1099 1679 1257 1747 magis
1297 1678 1463 1731 multa
1500 1697 1673 1731 rerum
1713 1697 1769 1730 ac
1806 1677 2085 1731 verborum

252 1759 554 1831 imparitate
595 1776 921 1828 contextum,
964 1763 1106 1816 haud
1145 1765 1411 1817 immerito
1453 1764 1692 1817 delicatas
1735 1783 1877 1818 aures
1919 1765 2084 1817 offen-

252 1864 431 1900 surum
477 1868 642 1919 opus;
710 1850 961 1919 quamviS,
1009 1864 1070 1902 ut
1115 1865 1191 1902 est
1238 1851 1436 1903 animus
1483 1850 1784 1903 mortalium
1829 1870 1984 1921 vagus
2031 1863 2086 1903 et
2157 1879 2160 1883 ·

207 1960 231 2000 5
253 1933 437 2000 variuS,
477 1949 530 1987 et
566 1934 697 1987 velle
732 1955 884 1988 suum
921 1936 1110 2006 cuique
1148 1950 1240 2002 est,
1279 1936 1591 2007 quibusdam
1627 1939 1857 2003 fortasse,
1895 1937 2084 2008 quibus

254 2020 471 2089 qualitas
511 2041 683 2074 rerum
723 2042 828 2074 non
865 2022 1110 2092 placebit,
1148 2024 1256 2093 ipsa
1293 2023 1418 2075 haec
1455 2024 1521 2075 sit
1559 2022 1812 2093 placitura
1849 2024 2082 2076 varietas.

254 2105 532 2174 Ignoscent
562 2127 684 2160 vero
713 2107 798 2159 alii
825 2109 865 2159 si
895 2109 1230 2161 meminerint
1259 2109 1362 2181 huc
1391 2128 1476 2161 me
1504 2128 1610 2161 non
1638 2128 1752 2161 mea
1779 2108 2108 2183 spontem-sed-

252 2192 426 2265 amicis
463 2206 691 2245 tractum
720 2193 957 2263 precibus
988 2182 1321 2260 descendisse,
1351 2195 1673 2265 parendique
1706 2195 1953 2265 cupidine
1987 2214 2082 2248 nec

251 2265 413 2331 aliena
437 2278 628 2331 iudicia
654 2299 748 2331 nec
781 2281 1146 2351 occupationes
1173 2267 1308 2333 meas
1337 2294 1496 2351 atque
1519 2280 1903 2352 irreparabilem
1929 2281 2083 2336 huius

183 2395 230 2423 10
251 2365 421 2434 exigui
459 2379 512 2418 et
546 2366 733 2418 incerti
769 2367 1016 2437 temporis
1048 2367 1374 2437 pertimuisse
1404 2367 1673 2420 iacturam.
1747 2367 1886 2419 Nam
1926 2381 2003 2433 tu,
2040 2368 2082 2420 si
2129 2379 2132 2381 ’

250 2450 379 2520 quid
420 2451 717 2516 offenderit,
760 2471 866 2504 non
906 2452 1053 2518 mihi,
1093 2451 1183 2504 sed
1225 2452 1322 2504 tibi
1363 2453 1566 2505 veniam
1609 2452 1769 2518 dabis,
1811 2467 1865 2506 et
1907 2453 2078 2507 dices:

251 2539 265 2561 ‘
284 2536 383 2589 hoc
410 2536 550 2589 volui
568 2558 581 2603 3
633 2557 818 2606 negare
850 2537 936 2590 ille
970 2538 1043 2590 nil
1073 2539 1251 2608 potuit
1279 2551 1430 2592 tanto
1463 2539 1566 2590 mei
1597 2538 1854 2591 amantior
1880 2554 2080 2610 quanto

251 2621 596 2691 negligentior
620 2623 736 2675 sui.’
803 2622 906 2675 Sed
937 2623 1151 2694 quidem
1180 2625 1349 2678 nullus
1382 2623 1540 2695 pluris
1575 2638 1650 2677 est
1683 2625 1892 2691 amicus,
1921 2644 2079 2696 quam

198 2720 199 2723 ’
251 2708 335 2760 cui
369 2710 537 2760 famae
571 2709 810 2779 propriae
846 2723 1050 2762 constat
1084 2709 1369 2780 impendio.
1441 2709 1648 2776 Multis,
1686 2724 1739 2763 et
1775 2711 2079 2782 Praesertim

185 2813 230 2854 15
251 2794 415 2860 boniS,
440 2795 549 2847 vita
574 2809 732 2865 atque
757 2795 998 2865 operibus
1024 2796 1187 2848 carior
1211 2798 1347 2848 fama
1372 2809 1465 2861 est,
1492 2814 1650 2866 quam
1675 2797 1767 2867 qui
1791 2817 1888 2868 pro
1912 2798 2079 2852 amico

249 2880 517 2951 spreverit,
546 2881 687 2933 haud
717 2881 875 2934 dubie
901 2881 1081 2934 viliora
1109 2896 1430 2948 contemnet,
1458 2883 1499 2934 si
1527 2902 1602 2935 res
1632 2884 1818 2953 exigat.
1882 2885 1951 2938 Et
1977 2885 2078 2938 hoc

251 2966 466 3037 quidem
514 2986 641 3037 opus
690 2967 979 3020 adolescens
1027 2969 1193 3038 coepi,
1246 2987 1399 3021 senex
1452 2987 1642 3038 perago
1664 2990 1678 3034 3
1745 2970 1909 3022 immo
1954 2990 2077 3024 vero

250 3067 499 3123 coeptum
547 3073 845 3124 prosequor.
925 3056 1101 3107 Vnum
1150 3069 1225 3107 est
1267 3055 1405 3107 enim
1447 3055 1546 3106 hoc
1570 3075 1650 3116 ‚ex
1692 3055 1949 3123 omnibUS,
1992 3058 2077 3110 cui

249 3159 543 3209 supremam
579 3140 683 3192 sola
720 3159 854 3192 mors
891 3141 1129 3211 imponet
1165 3160 1395 3194 manum.
1468 3141 1750 3206 Quomodo
1785 3162 1881 3213 ego
1903 3142 2076 3213 ,alium

1934 3210 1951 3214 —
1956 3206 2102 3220 —n--v

183 3257 231 3287 20
252 3227 402 3304 amici
431 3226 675 3299 colloquii
705 3245 861 3295 quam
889 3227 1026 3279 vitae
1054 3227 1211 3279 finem
1239 3245 1438 3297 sperem
1467 3230 1484 3279 ?
1548 3226 1658 3280 Aut
1685 3247 1940 3299 quaenam
1968 3228 2074 3296 dies
