2242 3600
283 191 350 264 76
959 189 1315 250 cARoLo
1368 190 1456 246 1v

284 336 401 375 toto
441 342 580 376 nunc
621 324 793 375 animo
832 322 1066 391 genubus
1107 323 1208 376 tuis
1245 320 1455 387 ¹affusuS,
1497 329 1754 392 quatenus
1792 323 2114 376 occasionem

282 427 358 460 res
395 410 639 461 maximas
677 423 836 478 atque
872 409 1094 478 optimas
1130 408 1343 478 gerendi
1379 407 1862 460 coelitus'oblatam
1896 410 2112 461 incunc-

282 508 454 546 tanter
497 495 722 564 arripiaS,
767 495 1073 564 reiectisque
1113 495 1244 547 curis
1287 494 1544 558 omnibus,
1588 513 1721 563 quae
1760 513 1953 563 gressus
1995 508 2111 547 tuos

280 600 308 631 a
332 595 440 632 tam
462 581 551 651 pio
573 581 760 632 itinere
784 580 1078 645 retrahunt,
1097 599 1297 632 moram
1321 579 1485 644 tollas,
1504 579 1648 631 claris
1670 597 1872 649 semper
1891 579 2114 632 exordiis

206 689 255 730 45
279 668 589 732 nocituram,
619 686 675 718 ac
703 680 797 718 tuo
824 680 1064 735 egentem
1091 666 1280 718 auxilio
1306 684 1464 735 quam
1491 666 1721 735 primum
1747 666 1964 718 invisere
1989 665 2113 718 velis

278 752 577 804 Ausoniam.
1287 821 1289 824 v

345 835 548 907 Optato
583 837 870 889 succedunt
900 838 1109 902 omnia;
1153 837 1258 889 noli
1288 856 1418 889 unus
1450 837 1620 889 deesse
1649 840 1926 901 fortunae;
1968 835 2113 907 quod

273 925 313 975 si
338 925 507 988 facias,
534 924 711 992 ingens
737 914 1054 993 posteritatis
1080 923 1262 975 odium
1288 942 1381 974 nec
1407 923 1662 975 minorem
1689 923 1787 975 tibi
1812 922 2111 975 conflaveris
2139 940 2142 943 ⁴

242 1010 244 1013 ’
273 1010 558 1061 infamiam.
622 1009 723 1060 Vix
751 1008 996 1078 equidem
1018 1023 1216 1078 optare,
1245 1009 1330 1060 vix
1357 1008 1834 1082 verbo-exprimere
1859 1009 2111 1079 potuisses

203 1121 252 1161 50
275 1109 382 1147 tam
422 1095 627 1147 facilem
670 1095 763 1146 fati
802 1095 956 1147 viam.
1031 1095 1256 1147 Putasne
1294 1108 1610 1164 perpetuum
1650 1095 1790 1147 hunc
1829 1097 2107 1147 favorem?

272 1182 346 1254 Vt
390 1181 684 1246 vehemens,
723 1181 794 1232 sic
832 1181 1060 1247 volubile
1098 1183 1269 1232 fatum
1297 1194 1419 1247 gest:
1480 1201 1586 1232 non
1624 1181 1855 1233 humano
1893 1180 2109 1251 quidem

269 1267 479 1336 ingenio
503 1267 593 1318 sed
618 1281 806 1337 suopte
831 1266 1059 1320 volvitur
1086 1267 1301 1318 arbitrio
1323 1288 1336 1331 ;
1385 1266 1554 1319 nullus
1580 1281 1761 1332 status,
1789 1266 1930 1319 nulla
1955 1267 2108 1318 facies

270 1372 443 1405 rerum
492 1353 662 1405 durat.
746 1354 870 1404 Non
918 1367 978 1405 tu
1024 1353 1164 1404 idem
1210 1372 1413 1422 semper
1458 1354 1570 1417 eris,
1619 1372 1789 1423 neque
1834 1353 1960 1404 haec
2008 1352 2109 1405 tibi

268 1457 471 1509 semper
530 1440 744 1491 occasio.
842 1438 1112 1507 Intelligis,
1173 1439 1624 1509 providentissime
1682 1439 1939 1508 princeps,
2001 1457 2108 1490 non

201 1546 247 1586 55
274 1539 485 1576 tantum
522 1525 652 1595 quid
686 1526 887 1595 loquar,
917 1524 1006 1576 sed
1042 1525 1172 1594 quid
1207 1527 1451 1594 cogitem.
1523 1526 1851 1577 Praesentem
1886 1524 2110 1577 Tusciae

269 1625 467 1663 statum
495 1612 669 1676 vides3
720 1611 811 1664 ubi
840 1611 1127 1681 plurimum
1157 1611 1446 1663 rebellionis
1478 1632 1572 1664 avo
1602 1626 1696 1664 tuo
1726 1611 1938 1681 aliisque
1966 1624 2107 1664 retro

270 1697 594 1767 principibus
646 1698 766 1763 fuit,
818 1698 922 1749 illic
975 1698 1072 1749 tibi
1122 1697 1409 1767 plurimum
1461 1698 1558 1749 erit
1609 1697 1859 1767 obsequii.
1945 1698 2120 1753 Vtere,

268 1803 441 1835 rerum
484 1784 780 1835 mutatione
821 1784 1126 1849 felicissima,
1170 1798 1469 1853 sortemque
1511 1798 1657 1835 tuam
1700 1803 1765 1835 ne
1806 1783 2104 1852 neglexeris,

267 1869 587 1944 Brevitatem
633 1890 689 1921 ac
733 1873 911 1939 fugam
955 1871 1094 1922 vitae
1137 1871 1367 1922 mortalis
1413 1884 1534 1922 ante
1577 1870 1751 1922 oculos
1794 1869 2005 1935 habeto,
2050 1884 2106 1922 et

194 1955 663 2022 &instabilitatem
710 1975 901 2021 rerum,
948 1971 1001 2008 et
1046 1959 1289 2008 fortunae
1332 1958 1456 2021 vim,
1503 1957 1645 2008 cuius
1692 1970 1877 2008 natura
1921 1970 1998 2008 est
2043 1969 2105 2008 ut

265 2041 577 2094 audentibus
606 2057 766 2112 atque
791 2043 1022 2094 sollicitis
1043 2030 1235 2107 faveat,
1259 2043 1468 2094 timidos
1490 2043 1767 2112 pigrosque
1792 2042 2008 2108 reiiciat,
2031 2057 2103 2107 et,

264 2142 324 2178 ut
368 2129 686 2197 sapientibus
731 2129 920 2198 placet,
968 2143 1109 2181 retro
1153 2129 1294 2181 calva
1338 2148 1605 2181 essecum
1648 2129 1826 2193 soleat,
1871 2130 2102 2180 frontem

262 2213 452 2265 habeat
480 2215 799 2284 capillatum.
1064 2209 1070 2218 ⁸

328 2300 587 2370 Pluraque
628 2303 804 2371 scripsi
847 2302 990 2367 olim,
1035 2317 1088 2354 et
1130 2302 1280 2372 plura
1322 2322 1461 2354 nunc
1502 2302 1796 2367 scriberem,
1841 2301 1935 2353 nisi
1978 2302 2099 2371 quia

191 2399 239 2447 65
260 2386 542 2454 sapientiae
584 2401 706 2438 tuae
746 2389 904 2439 etiam
945 2389 1188 2458 pauciora
1228 2388 1509 2453 sufficiunt,
1552 2402 1605 2439 et
1647 2387 1915 2440 devotioni
1955 2406 2101 2440 meae

261 2485 552 2542 utcumque
585 2473 684 2524 hoc
719 2474 1044 2544 breviloquio
1075 2476 1396 2531 satisfactum
1431 2489 1522 2526 est.
1591 2474 1734 2539 Vale,
1770 2474 2100 2543 magnanime

261 2558 465 2623 Caesar,
495 2573 547 2610 et
575 2579 811 2629 propera.
884 2560 1166 2630 [Avignon,
1201 2561 1369 2631 1352]

618 2765 871 2824 Barbato
903 2766 1266 2825 Sulmonensi.
1337 2765 1501 2824 Fam.
1533 2765 1632 2823 xii.
1668 2782 1720 2842 7.

263 2887 493 3016 DVM
527 2887 592 2938 ad
622 2906 723 2952 me,
755 2908 869 2957 pars
901 2890 1003 2940 mei
1034 2890 1233 2959 optima
1274 2888 1511 2952 Barbate,
1543 2888 1749 2940 litterae
1781 2902 1901 2941 tuae
1929 2888 2094 2957 longis

380 2973 697 3025 anfractibus
739 2974 875 3025 viam
926 2990 1203 3043 quaerunt,
1246 2989 1299 3026 et
1339 2974 1393 3025 in
1438 2973 1600 3025 Gallis
1650 2974 1949 3026 latitantem
1999 2993 2094 3044 per

258 3059 464 3111 Italiam
499 3073 808 3129 sequuntur,
845 3080 1006 3112 annus
1042 3081 1205 3130 prope
1238 3062 1439 3130 integer
1473 3060 1816 3114 circumactus
1850 3075 1962 3125 est3
2016 3062 2092 3113 ita

255 3165 362 3197 non
403 3145 570 3197 solum
615 3160 793 3197 nostro
835 3146 980 3198 vivae
1021 3148 1177 3212 vociS,
1218 3147 1307 3199 sed
1350 3160 1565 3198 mutuae
1606 3147 1764 3199 etiam
1805 3147 2091 3217 scripturae

208 3261 232 3300 5
252 3232 436 3284 solatio
462 3231 819 3302 prohibemur.
882 3232 998 3283 Hoc
1023 3232 1146 3284 iuris
1173 3233 1227 3284 in
1253 3231 1400 3284 nobis
1427 3231 1611 3284 habuit
1638 3234 1866 3298 fortuna,
1894 3251 1956 3284 ex
1981 3251 2088 3303 quo
