<?xml version="1.0" encoding="UTF-8"?>
<!DOCTYPE html PUBLIC "-//W3C//DTD XHTML 1.0 Transitional//EN"
    "http://www.w3.org/TR/xhtml1/DTD/xhtml1-transitional.dtd">
<html xmlns="http://www.w3.org/1999/xhtml" xml:lang="en" lang="en">
 <head>
  <title>
</title>
<meta http-equiv="Content-Type" content="text/html;charset=utf-8" />
  <meta name='ocr-system' content='tesseract 3.04.00' />
  <meta name='ocr-capabilities' content='ocr_page ocr_carea ocr_par ocr_line ocrx_word'/>
</head>
<body>
  <div class='ocr_page' id='page_1' title='image "./epistolaeselecta00petruoft_0151.png"; bbox 0 0 2242 3600; ppageno 0'>
   <div class='ocr_carea' id='block_1_1' title="bbox 664 182 2006 248">
    <p class='ocr_par' dir='ltr' id='par_1_1' title="bbox 664 182 2006 248">
     <span class='ocr_line' id='line_1_1' title="bbox 664 182 2006 248; baseline -0.002 -12"><span class='ocrx_word' id='word_1_1' title='bbox 664 182 957 236; x_wconf 91' lang='lat' dir='ltr'><strong>PVLICI</strong></span> <span class='ocrx_word' id='word_1_2' title='bbox 1012 182 1521 235; x_wconf 90' lang='lat' dir='ltr'><strong>VICENTINO</strong></span> <span class='ocrx_word' id='word_1_3' title='bbox 1916 195 2006 248; x_wconf 82' lang='lat'><strong>135</strong></span> 
     </span>
    </p>
   </div>
   <div class='ocr_carea' id='block_1_2' title="bbox 113 307 2119 3326">
    <p class='ocr_par' dir='ltr' id='par_1_2' title="bbox 167 307 2084 970">
     <span class='ocr_line' id='line_1_2' title="bbox 168 307 2011 381; baseline -0.003 -18"><span class='ocrx_word' id='word_1_4' title='bbox 168 312 340 381; x_wconf 90' lang='lat' dir='ltr'><strong>ipsum</strong></span> <span class='ocrx_word' id='word_1_5' title='bbox 389 311 700 364; x_wconf 88' lang='lat' dir='ltr'><strong>Ciceronem</strong></span> <span class='ocrx_word' id='word_1_6' title='bbox 747 325 906 376; x_wconf 87' lang='lat' dir='ltr'><strong>sunt3</strong></span> <span class='ocrx_word' id='word_1_7' title='bbox 978 310 1137 364; x_wconf 90' lang='lat' dir='ltr'><strong>altera</strong></span> <span class='ocrx_word' id='word_1_8' title='bbox 1186 329 1353 362; x_wconf 92' lang='lat' dir='ltr'><strong>mores</strong></span> <span class='ocrx_word' id='word_1_9' title='bbox 1403 323 1573 375; x_wconf 88' lang='lat' dir='ltr'><strong>notat,</strong></span> <span class='ocrx_word' id='word_1_10' title='bbox 1622 309 1783 361; x_wconf 93' lang='lat' dir='ltr'><strong>altera</strong></span> <span class='ocrx_word' id='word_1_11' title='bbox 1831 307 2011 362; x_wconf 89' lang='lat' dir='ltr'><strong>laudat</strong></span> 
     </span>
     <span class='ocr_line' id='line_1_3' title="bbox 167 394 2083 467; baseline -0.005 -17"><span class='ocrx_word' id='word_1_12' title='bbox 167 398 455 467; x_wconf 88' lang='lat' dir='ltr'><strong>ingenium.</strong></span> <span class='ocrx_word' id='word_1_13' title='bbox 524 398 632 450; x_wconf 91' lang='lat' dir='ltr'><strong>Has</strong></span> <span class='ocrx_word' id='word_1_14' title='bbox 666 411 727 450; x_wconf 91' lang='lat' dir='ltr'><strong>tu</strong></span> <span class='ocrx_word' id='word_1_15' title='bbox 759 397 976 450; x_wconf 91' lang='lat' dir='ltr'><strong>intentis</strong></span> <span class='ocrx_word' id='word_1_16' title='bbox 1011 396 1252 448; x_wconf 92' lang='lat' dir='ltr'><strong>omnibus</strong></span> <span class='ocrx_word' id='word_1_17' title='bbox 1286 415 1408 448; x_wconf 92' lang='lat' dir='ltr'><strong>cum</strong></span> <span class='ocrx_word' id='word_1_18' title='bbox 1438 395 1657 466; x_wconf 87' lang='lat' dir='ltr'><strong>legisses,</strong></span> <span class='ocrx_word' id='word_1_19' title='bbox 1692 414 1815 447; x_wconf 85' lang='lat' dir='ltr'><strong>mox</strong></span> <span class='ocrx_word' id='word_1_20' title='bbox 1848 394 2012 445; x_wconf 91' lang='lat' dir='ltr'><strong>amica</strong></span> <span class='ocrx_word' id='word_1_21' title='bbox 2032 412 2083 449; x_wconf 78' lang='lat'><strong>40</strong></span> 
     </span>
     <span class='ocr_line' id='line_1_4' title="bbox 167 481 2015 554; baseline -0.003 -17"><span class='ocrx_word' id='word_1_22' title='bbox 167 484 228 537; x_wconf 86' lang='lat' dir='ltr'><strong>lis</strong></span> <span class='ocrx_word' id='word_1_23' title='bbox 252 484 421 537; x_wconf 86' lang='lat' dir='ltr'><strong>verbis</strong></span> <span class='ocrx_word' id='word_1_24' title='bbox 446 484 681 549; x_wconf 92' lang='lat' dir='ltr'><strong>incaluit,</strong></span> <span class='ocrx_word' id='word_1_25' title='bbox 708 483 1022 554; x_wconf 91' lang='lat' dir='ltr'><strong>quibusdam</strong></span> <span class='ocrx_word' id='word_1_26' title='bbox 1045 483 1238 553; x_wconf 87' lang='lat' dir='ltr'><strong>scripta</strong></span> <span class='ocrx_word' id='word_1_27' title='bbox 1264 497 1439 535; x_wconf 88' lang='lat' dir='ltr'><strong>nostra</strong></span> <span class='ocrx_word' id='word_1_28' title='bbox 1461 481 1797 535; x_wconf 87' lang='lat' dir='ltr'><strong>laudantibus</strong></span> <span class='ocrx_word' id='word_1_29' title='bbox 1823 494 1877 533; x_wconf 93' lang='lat' dir='ltr'><strong>et</strong></span> <span class='ocrx_word' id='word_1_30' title='bbox 1901 481 2015 532; x_wconf 90' lang='lat' dir='ltr'><strong>iure</strong></span> 
     </span>
     <span class='ocr_line' id='line_1_5' title="bbox 170 566 2014 640; baseline -0.003 -17"><span class='ocrx_word' id='word_1_31' title='bbox 170 570 543 640; x_wconf 87' lang='lat' dir='ltr'><strong>reprehensum</strong></span> <span class='ocrx_word' id='word_1_32' title='bbox 601 570 890 623; x_wconf 82' lang='lat' dir='ltr'><strong>fatentibus</strong></span> <span class='ocrx_word' id='word_1_33' title='bbox 950 569 1280 634; x_wconf 88' lang='lat' dir='ltr'><strong>Ciceronem,</strong></span> <span class='ocrx_word' id='word_1_34' title='bbox 1340 589 1447 621; x_wconf 92' lang='lat' dir='ltr'><strong>uno</strong></span> <span class='ocrx_word' id='word_1_35' title='bbox 1507 582 1686 621; x_wconf 90' lang='lat' dir='ltr'><strong>autem</strong></span> <span class='ocrx_word' id='word_1_36' title='bbox 1743 566 1836 619; x_wconf 92' lang='lat' dir='ltr'><strong>illo</strong></span> <span class='ocrx_word' id='word_1_37' title='bbox 1892 586 2014 619; x_wconf 91' lang='lat' dir='ltr'><strong>sene</strong></span> 
     </span>
     <span class='ocr_line' id='line_1_6' title="bbox 171 654 2015 725; baseline -0.002 -17"><span class='ocrx_word' id='word_1_38' title='bbox 171 656 482 710; x_wconf 85' lang='lat' dir='ltr'><strong>obstinatius</strong></span> <span class='ocrx_word' id='word_1_39' title='bbox 535 656 860 721; x_wconf 87' lang='lat' dir='ltr'><strong>obluctante,</strong></span> <span class='ocrx_word' id='word_1_40' title='bbox 914 656 1006 725; x_wconf 93' lang='lat' dir='ltr'><strong>qui</strong></span> <span class='ocrx_word' id='word_1_41' title='bbox 1058 669 1112 708; x_wconf 92' lang='lat' dir='ltr'><strong>et</strong></span> <span class='ocrx_word' id='word_1_42' title='bbox 1165 654 1402 707; x_wconf 89' lang='lat' dir='ltr'><strong>claritate</strong></span> <span class='ocrx_word' id='word_1_43' title='bbox 1454 654 1678 707; x_wconf 90' lang='lat' dir='ltr'><strong>nominis</strong></span> <span class='ocrx_word' id='word_1_44' title='bbox 1731 666 1786 706; x_wconf 91' lang='lat' dir='ltr'><strong>et</strong></span> <span class='ocrx_word' id='word_1_45' title='bbox 1838 671 2015 704; x_wconf 90' lang='lat' dir='ltr'><strong>amore</strong></span> 
     </span>
     <span class='ocr_line' id='line_1_7' title="bbox 171 739 2015 814; baseline -0.003 -18"><span class='ocrx_word' id='word_1_46' title='bbox 171 758 355 814; x_wconf 91' lang='lat' dir='ltr'><strong>captus</strong></span> <span class='ocrx_word' id='word_1_47' title='bbox 400 744 642 809; x_wconf 83' lang='lat' dir='ltr'><strong>auctoris,</strong></span> <span class='ocrx_word' id='word_1_48' title='bbox 680 742 874 795; x_wconf 87' lang='lat' dir='ltr'><strong>erranti</strong></span> <span class='ocrx_word' id='word_1_49' title='bbox 918 760 1131 812; x_wconf 91' lang='lat' dir='ltr'><strong>quoque</strong></span> <span class='ocrx_word' id='word_1_50' title='bbox 1166 740 1415 811; x_wconf 91' lang='lat' dir='ltr'><strong>plaudere</strong></span> <span class='ocrx_word' id='word_1_51' title='bbox 1450 755 1505 793; x_wconf 92' lang='lat' dir='ltr'><strong>et</strong></span> <span class='ocrx_word' id='word_1_52' title='bbox 1542 740 1694 792; x_wconf 90' lang='lat' dir='ltr'><strong>amici</strong></span> <span class='ocrx_word' id='word_1_53' title='bbox 1729 739 1858 792; x_wconf 88' lang='lat' dir='ltr'><strong>vitia</strong></span> <span class='ocrx_word' id='word_1_54' title='bbox 1893 756 2015 791; x_wconf 91' lang='lat' dir='ltr'><strong>cum</strong></span> 
     </span>
     <span class='ocr_line' id='line_1_8' title="bbox 171 825 2084 900; baseline -0.002 -17"><span class='ocrx_word' id='word_1_55' title='bbox 171 831 456 897; x_wconf 88' lang='lat' dir='ltr'><strong>virtutibus</strong></span> <span class='ocrx_word' id='word_1_56' title='bbox 503 830 750 900; x_wconf 89' lang='lat' dir='ltr'><strong>amplecti</strong></span> <span class='ocrx_word' id='word_1_57' title='bbox 795 827 974 880; x_wconf 90' lang='lat' dir='ltr'><strong>mallet</strong></span> <span class='ocrx_word' id='word_1_58' title='bbox 1019 847 1179 899; x_wconf 89' lang='lat' dir='ltr'><strong>quam</strong></span> <span class='ocrx_word' id='word_1_59' title='bbox 1218 827 1524 893; x_wconf 88' lang='lat' dir='ltr'><strong>discernere,</strong></span> <span class='ocrx_word' id='word_1_60' title='bbox 1564 825 1762 898; x_wconf 90' lang='lat' dir='ltr'><strong>nequid</strong></span> <span class='ocrx_word' id='word_1_61' title='bbox 1799 826 2016 878; x_wconf 89' lang='lat' dir='ltr'><strong>omnino</strong></span> <span class='ocrx_word' id='word_1_62' title='bbox 2035 841 2084 884; x_wconf 83' lang='lat'><strong>45</strong></span> 
     </span>
     <span class='ocr_line' id='line_1_9' title="bbox 174 913 1350 970; baseline -0.002 -2"><span class='ocrx_word' id='word_1_63' title='bbox 174 917 422 970; x_wconf 90' lang='lat' dir='ltr'><strong>damnare</strong></span> <span class='ocrx_word' id='word_1_64' title='bbox 447 917 716 969; x_wconf 89' lang='lat' dir='ltr'><strong>videretur</strong></span> <span class='ocrx_word' id='word_1_65' title='bbox 741 915 967 968; x_wconf 90' lang='lat' dir='ltr'><strong>hominis</strong></span> <span class='ocrx_word' id='word_1_66' title='bbox 997 929 1106 967; x_wconf 92' lang='lat' dir='ltr'><strong>tam</strong></span> <span class='ocrx_word' id='word_1_67' title='bbox 1130 913 1350 967; x_wconf 87' lang='lat' dir='ltr'><strong>laudati.</strong></span> 
     </span>
    </p>

    <p class='ocr_par' dir='ltr' id='par_1_3' title="bbox 113 997 2100 2375">
     <span class='ocr_line' id='line_1_10' title="bbox 242 997 2017 1073; baseline -0.004 -18"><span class='ocrx_word' id='word_1_68' title='bbox 242 1003 433 1073; x_wconf 91' lang='lat' dir='ltr'><strong>Itaque</strong></span> <span class='ocrx_word' id='word_1_69' title='bbox 453 1002 584 1054; x_wconf 86' lang='lat' dir='ltr'><strong>nihil</strong></span> <span class='ocrx_word' id='word_1_70' title='bbox 604 1001 746 1054; x_wconf 88' lang='lat' dir='ltr'><strong>aliud</strong></span> <span class='ocrx_word' id='word_1_71' title='bbox 765 1000 847 1054; x_wconf 88' lang='lat' dir='ltr'><strong>vel</strong></span> <span class='ocrx_word' id='word_1_72' title='bbox 867 1001 998 1052; x_wconf 91' lang='lat' dir='ltr'><strong>mihi</strong></span> <span class='ocrx_word' id='word_1_73' title='bbox 1017 1000 1100 1054; x_wconf 87' lang='lat' dir='ltr'><strong>vel</strong></span> <span class='ocrx_word' id='word_1_74' title='bbox 1119 999 1226 1052; x_wconf 90' lang='lat' dir='ltr'><strong>aliis</strong></span> <span class='ocrx_word' id='word_1_75' title='bbox 1248 1000 1391 1070; x_wconf 92' lang='lat' dir='ltr'><strong>quod</strong></span> <span class='ocrx_word' id='word_1_76' title='bbox 1413 999 1751 1070; x_wconf 89' lang='lat' dir='ltr'><strong>responderet</strong></span> <span class='ocrx_word' id='word_1_77' title='bbox 1770 997 2017 1062; x_wconf 90' lang='lat' dir='ltr'><strong>habebat,</strong></span> 
     </span>
     <span class='ocr_line' id='line_1_11' title="bbox 174 1084 2018 1158; baseline -0.004 -16"><span class='ocrx_word' id='word_1_78' title='bbox 174 1091 271 1142; x_wconf 88' lang='lat' dir='ltr'><strong>nisi</strong></span> <span class='ocrx_word' id='word_1_79' title='bbox 313 1103 375 1142; x_wconf 93' lang='lat' dir='ltr'><strong>ut</strong></span> <span class='ocrx_word' id='word_1_80' title='bbox 420 1089 659 1142; x_wconf 87' lang='lat' dir='ltr'><strong>adversus</strong></span> <span class='ocrx_word' id='word_1_81' title='bbox 704 1107 861 1140; x_wconf 91' lang='lat' dir='ltr'><strong>omne</strong></span> <span class='ocrx_word' id='word_1_82' title='bbox 903 1087 1050 1158; x_wconf 91' lang='lat' dir='ltr'><strong>quod</strong></span> <span class='ocrx_word' id='word_1_83' title='bbox 1094 1087 1374 1153; x_wconf 88' lang='lat' dir='ltr'><strong>diceretur,</strong></span> <span class='ocrx_word' id='word_1_84' title='bbox 1417 1086 1749 1158; x_wconf 90' lang='lat' dir='ltr'><strong>splendorem</strong></span> <span class='ocrx_word' id='word_1_85' title='bbox 1793 1084 2018 1137; x_wconf 87' lang='lat' dir='ltr'><strong>nominis</strong></span> 
     </span>
     <span class='ocr_line' id='line_1_12' title="bbox 174 1166 2070 1248; baseline -0.003 -20"><span class='ocrx_word' id='word_1_86' title='bbox 174 1176 482 1241; x_wconf 89' lang='lat' dir='ltr'><strong>obiectaret,</strong></span> <span class='ocrx_word' id='word_1_87' title='bbox 514 1189 569 1227; x_wconf 92' lang='lat' dir='ltr'><strong>et</strong></span> <span class='ocrx_word' id='word_1_88' title='bbox 591 1175 820 1248; x_wconf 30' lang='grc' dir='ltr'><strong>Ξεὲἕίρῃίξἡ</strong></span> <span class='ocrx_word' id='word_1_89' title='bbox 832 1173 1020 1242; x_wconf 85' lang='lat' dir='ltr'><strong>locum</strong></span> <span class='ocrx_word' id='word_1_90' title='bbox 1052 1187 1258 1244; x_wconf 84' lang='lat' dir='ltr'><strong>teneret</strong></span> <span class='ocrx_word' id='word_1_91' title='bbox 1288 1174 1599 1235; x_wconf 57' lang='lat' dir='ltr'><strong>auctoritas„</strong></span> <span class='ocrx_word' id='word_1_92' title='bbox 1630 1166 2019 1245; x_wconf 62' lang='lat' dir='ltr'><strong>§ucclamabat</strong></span> <span class='ocrx_word' id='word_1_93' title='bbox 2066 1236 2070 1239; x_wconf 19' lang='grc' dir='ltr'>ι</span> 
     </span>
     <span class='ocr_line' id='line_1_13' title="bbox 172 1254 2092 1339; baseline -0.004 -24"><span class='ocrx_word' id='word_1_94' title='bbox 172 1262 468 1339; x_wconf 56' lang='lat' dir='ltr'><strong>identidem</strong></span> <span class='ocrx_word' id='word_1_95' title='bbox 493 1271 744 1333; x_wconf 84' lang='lat' dir='ltr'><strong>protenta</strong></span> <span class='ocrx_word' id='word_1_96' title='bbox 771 1280 935 1335; x_wconf 79' lang='lat' dir='ltr'><strong>manu</strong></span> <span class='ocrx_word' id='word_1_97' title='bbox 955 1281 967 1313; x_wconf 73' lang='grc' dir='ltr'>ε</span> <span class='ocrx_word' id='word_1_98' title='bbox 1016 1261 1031 1285; x_wconf 89' lang='lat'>‘</span> <span class='ocrx_word' id='word_1_99' title='bbox 1053 1261 1274 1331; x_wconf 91' lang='lat' dir='ltr'><strong>parcius,</strong></span> <span class='ocrx_word' id='word_1_100' title='bbox 1304 1280 1413 1326; x_wconf 92' lang='lat' dir='ltr'><strong>or0,</strong></span> <span class='ocrx_word' id='word_1_101' title='bbox 1441 1260 1644 1330; x_wconf 91' lang='lat' dir='ltr'><strong>parcius</strong></span> <span class='ocrx_word' id='word_1_102' title='bbox 1673 1259 1738 1311; x_wconf 92' lang='lat' dir='ltr'><strong>de</strong></span> <span class='ocrx_word' id='word_1_103' title='bbox 1765 1254 2021 1311; x_wconf 86' lang='lat' dir='ltr'><strong>Cicerone</strong></span> <span class='ocrx_word' id='word_1_104' title='bbox 2042 1279 2092 1319; x_wconf 87' lang='lat'><strong>50</strong></span> 
     </span>
     <span class='ocr_line' id='line_1_14' title="bbox 175 1335 2022 1419; baseline -0.003 -18"><span class='ocrx_word' id='word_1_105' title='bbox 175 1335 328 1401; x_wconf 20' lang='lat' dir='ltr'><strong>medo?</strong></span> <span class='ocrx_word' id='word_1_106' title='bbox 397 1349 652 1419; x_wconf 90' lang='lat' dir='ltr'><strong>Dumque</strong></span> <span class='ocrx_word' id='word_1_107' title='bbox 684 1348 748 1400; x_wconf 94' lang='lat' dir='ltr'><strong>ab</strong></span> <span class='ocrx_word' id='word_1_108' title='bbox 782 1368 844 1400; x_wconf 93' lang='lat' dir='ltr'><strong>eo</strong></span> <span class='ocrx_word' id='word_1_109' title='bbox 875 1361 1214 1418; x_wconf 87' lang='lat' dir='ltr'><strong>quaereretur</strong></span> <span class='ocrx_word' id='word_1_110' title='bbox 1246 1367 1312 1401; x_wconf 90' lang='lat' dir='ltr'><strong>an</strong></span> <span class='ocrx_word' id='word_1_111' title='bbox 1345 1366 1532 1399; x_wconf 90' lang='lat' dir='ltr'><strong>errasse</strong></span> <span class='ocrx_word' id='word_1_112' title='bbox 1563 1364 1798 1416; x_wconf 92' lang='lat' dir='ltr'><strong>unquam</strong></span> <span class='ocrx_word' id='word_1_113' title='bbox 1830 1344 1935 1398; x_wconf 90' lang='lat' dir='ltr'><strong>ulla</strong></span> <span class='ocrx_word' id='word_1_114' title='bbox 1964 1345 2022 1396; x_wconf 92' lang='lat' dir='ltr'><strong>in</strong></span> 
     </span>
     <span class='ocr_line' id='line_1_15' title="bbox 176 1430 2021 1505; baseline -0.003 -18"><span class='ocrx_word' id='word_1_115' title='bbox 176 1455 231 1487; x_wconf 91' lang='lat' dir='ltr'><strong>re</strong></span> <span class='ocrx_word' id='word_1_116' title='bbox 262 1435 572 1488; x_wconf 92' lang='lat' dir='ltr'><strong>Ciceronem</strong></span> <span class='ocrx_word' id='word_1_117' title='bbox 604 1435 808 1505; x_wconf 89' lang='lat' dir='ltr'><strong>opinari</strong></span> <span class='ocrx_word' id='word_1_118' title='bbox 839 1448 1029 1504; x_wconf 91' lang='lat' dir='ltr'><strong>posset,</strong></span> <span class='ocrx_word' id='word_1_119' title='bbox 1046 1433 1340 1504; x_wconf 44' lang='lat' dir='ltr'><strong>⁸claudebat</strong></span> <span class='ocrx_word' id='word_1_120' title='bbox 1372 1432 1566 1504; x_wconf 77' lang='lat' dir='ltr'><strong>ocuIOS,</strong></span> <span class='ocrx_word' id='word_1_121' title='bbox 1598 1446 1653 1485; x_wconf 91' lang='lat' dir='ltr'><strong>et</strong></span> <span class='ocrx_word' id='word_1_122' title='bbox 1684 1432 1829 1502; x_wconf 90' lang='lat' dir='ltr'><strong>quasi</strong></span> <span class='ocrx_word' id='word_1_123' title='bbox 1859 1430 2021 1483; x_wconf 87' lang='lat' dir='ltr'><strong>verbo</strong></span> 
     </span>
     <span class='ocr_line' id='line_1_16' title="bbox 176 1519 2022 1597; baseline -0.003 -22"><span class='ocrx_word' id='word_1_124' title='bbox 176 1541 461 1597; x_wconf 75' lang='lat' dir='ltr'><strong>percussus¹</strong></span> <span class='ocrx_word' id='word_1_125' title='bbox 483 1521 753 1597; x_wconf 73' lang='lat' dir='ltr'><strong>avertebat</strong></span> <span class='ocrx_word' id='word_1_126' title='bbox 793 1523 1025 1573; x_wconf 82' lang='lat' dir='ltr'><strong>frontem</strong></span> <span class='ocrx_word' id='word_1_127' title='bbox 1065 1521 1424 1591; x_wconf 85' lang='lat' dir='ltr'><strong>ingeminans:</strong></span> <span class='ocrx_word' id='word_1_128' title='bbox 1489 1521 1502 1544; x_wconf 90' lang='lat'>‘</span> <span class='ocrx_word' id='word_1_129' title='bbox 1526 1520 1666 1572; x_wconf 84' lang='lat' dir='ltr'><strong>heu!</strong></span> <span class='ocrx_word' id='word_1_130' title='bbox 1729 1519 1859 1570; x_wconf 90' lang='lat' dir='ltr'><strong>mihi</strong></span> <span class='ocrx_word' id='word_1_131' title='bbox 1901 1537 2022 1586; x_wconf 91' lang='lat' dir='ltr'><strong>ergo</strong></span> 
     </span>
     <span class='ocr_line' id='line_1_17' title="bbox 113 1595 2023 1678; baseline -0.003 -17"><span class='ocrx_word' id='word_1_132' title='bbox 113 1665 119 1670; x_wconf 67' lang='grc'>,</span> <span class='ocrx_word' id='word_1_133' title='bbox 176 1609 364 1661; x_wconf 94' lang='lat' dir='ltr'><strong>Cicero</strong></span> <span class='ocrx_word' id='word_1_134' title='bbox 404 1595 548 1662; x_wconf 86' lang='lat' dir='ltr'><strong>meus</strong></span> <span class='ocrx_word' id='word_1_135' title='bbox 589 1609 826 1678; x_wconf 85' lang='lat' dir='ltr'><strong>arguitur</strong></span> <span class='ocrx_word' id='word_1_136' title='bbox 853 1612 870 1661; x_wconf 74' lang='grc' dir='ltr'><strong>,Ρ</strong></span> <span class='ocrx_word' id='word_1_137' title='bbox 896 1609 910 1632; x_wconf 85' lang='grc'><strong>’</strong></span> <span class='ocrx_word' id='word_1_138' title='bbox 973 1608 1118 1678; x_wconf 90' lang='lat' dir='ltr'><strong>quasi</strong></span> <span class='ocrx_word' id='word_1_139' title='bbox 1160 1627 1267 1660; x_wconf 93' lang='lat' dir='ltr'><strong>non</strong></span> <span class='ocrx_word' id='word_1_140' title='bbox 1308 1607 1374 1659; x_wconf 92' lang='lat' dir='ltr'><strong>de</strong></span> <span class='ocrx_word' id='word_1_141' title='bbox 1413 1607 1645 1671; x_wconf 91' lang='lat' dir='ltr'><strong>homine,</strong></span> <span class='ocrx_word' id='word_1_142' title='bbox 1685 1605 1776 1658; x_wconf 92' lang='lat' dir='ltr'><strong>sed</strong></span> <span class='ocrx_word' id='word_1_143' title='bbox 1818 1604 1883 1657; x_wconf 92' lang='lat' dir='ltr'><strong>de</strong></span> <span class='ocrx_word' id='word_1_144' title='bbox 1925 1604 2023 1656; x_wconf 92' lang='lat' dir='ltr'><strong>deo</strong></span> 
     </span>
     <span class='ocr_line' id='line_1_18' title="bbox 177 1691 2095 1767; baseline -0.002 -20"><span class='ocrx_word' id='word_1_145' title='bbox 177 1695 409 1767; x_wconf 91' lang='lat' dir='ltr'><strong>quodam</strong></span> <span class='ocrx_word' id='word_1_146' title='bbox 452 1709 709 1764; x_wconf 87' lang='lat' dir='ltr'><strong>ageretur.</strong></span> <span class='ocrx_word' id='word_1_147' title='bbox 788 1695 1032 1754; x_wconf 88' lang='lat' dir='ltr'><strong>Quaesivi</strong></span> <span class='ocrx_word' id='word_1_148' title='bbox 1073 1695 1236 1764; x_wconf 90' lang='lat' dir='ltr'><strong>igitur</strong></span> <span class='ocrx_word' id='word_1_149' title='bbox 1278 1713 1344 1746; x_wconf 89' lang='lat' dir='ltr'><strong>an</strong></span> <span class='ocrx_word' id='word_1_150' title='bbox 1386 1693 1545 1745; x_wconf 91' lang='lat' dir='ltr'><strong>deum</strong></span> <span class='ocrx_word' id='word_1_151' title='bbox 1587 1693 1741 1744; x_wconf 77' lang='lat' dir='ltr'><strong>fuisse</strong></span> <span class='ocrx_word' id='word_1_152' title='bbox 1781 1691 2022 1745; x_wconf 84' lang='lat' dir='ltr'><strong>Tullium</strong></span> <span class='ocrx_word' id='word_1_153' title='bbox 2046 1706 2095 1750; x_wconf 85' lang='grc'><strong>55</strong></span> 
     </span>
     <span class='ocr_line' id='line_1_19' title="bbox 177 1778 2023 1854; baseline -0.003 -19"><span class='ocrx_word' id='word_1_154' title='bbox 177 1783 483 1854; x_wconf 89' lang='lat' dir='ltr'><strong>opinaretur</strong></span> <span class='ocrx_word' id='word_1_155' title='bbox 510 1802 575 1834; x_wconf 92' lang='lat' dir='ltr'><strong>an</strong></span> <span class='ocrx_word' id='word_1_156' title='bbox 601 1782 889 1834; x_wconf 87' lang='lat' dir='ltr'><strong>hominem.</strong></span> <span class='ocrx_word' id='word_1_157' title='bbox 954 1782 1335 1834; x_wconf 91' lang='lat' dir='ltr'><strong>Incunctanter</strong></span> <span class='ocrx_word' id='word_1_158' title='bbox 1362 1781 1375 1804; x_wconf 89' lang='lat'>‘</span> <span class='ocrx_word' id='word_1_159' title='bbox 1400 1780 1559 1846; x_wconf 88' lang='lat' dir='ltr'><strong>deum</strong></span> <span class='ocrx_word' id='word_1_160' title='bbox 1582 1780 1594 1803; x_wconf 89' lang='lat'>&#39;</span> <span class='ocrx_word' id='word_1_161' title='bbox 1623 1778 1711 1831; x_wconf 92' lang='lat' dir='ltr'><strong>ille</strong></span> <span class='ocrx_word' id='word_1_162' title='bbox 1734 1778 2023 1849; x_wconf 91' lang='lat' dir='ltr'><strong>respondit,</strong></span> 
     </span>
     <span class='ocr_line' id='line_1_20' title="bbox 178 1866 2022 1941; baseline -0.003 -19"><span class='ocrx_word' id='word_1_163' title='bbox 178 1884 232 1923; x_wconf 91' lang='lat' dir='ltr'><strong>et</strong></span> <span class='ocrx_word' id='word_1_164' title='bbox 258 1869 389 1941; x_wconf 91' lang='lat' dir='ltr'><strong>quid</strong></span> <span class='ocrx_word' id='word_1_165' title='bbox 415 1868 624 1921; x_wconf 87' lang='lat' dir='ltr'><strong>dixisset</strong></span> <span class='ocrx_word' id='word_1_166' title='bbox 648 1868 961 1938; x_wconf 80' lang='lat' dir='ltr'><strong>intelligenS,</strong></span> <span class='ocrx_word' id='word_1_167' title='bbox 990 1869 1004 1893; x_wconf 84' lang='lat'>‘</span> <span class='ocrx_word' id='word_1_168' title='bbox 1028 1868 1187 1920; x_wconf 91' lang='lat' dir='ltr'><strong>deum</strong></span> <span class='ocrx_word' id='word_1_169' title='bbox 1210 1869 1222 1892; x_wconf 90' lang='lat'>&#39;</span> <span class='ocrx_word' id='word_1_170' title='bbox 1250 1868 1427 1938; x_wconf 92' lang='lat' dir='ltr'><strong>inquit</strong></span> <span class='ocrx_word' id='word_1_171' title='bbox 1454 1869 1467 1891; x_wconf 90' lang='lat'>‘</span> <span class='ocrx_word' id='word_1_172' title='bbox 1482 1866 1731 1937; x_wconf 55' lang='lat' dir='ltr'><strong>§quUiif·</strong></span> <span class='ocrx_word' id='word_1_173' title='bbox 1794 1867 1808 1890; x_wconf 93' lang='lat'>‘</span> <span class='ocrx_word' id='word_1_174' title='bbox 1827 1866 1992 1917; x_wconf 91' lang='lat' dir='ltr'><strong>Recte</strong></span> <span class='ocrx_word' id='word_1_175' title='bbox 2008 1866 2022 1889; x_wconf 90' lang='lat'>’</span> 
     </span>
     <span class='ocr_line' id='line_1_21' title="bbox 176 1952 2027 2028; baseline -0.003 -19"><span class='ocrx_word' id='word_1_176' title='bbox 176 1958 412 2028; x_wconf 90' lang='lat' dir='ltr'><strong>inquam,</strong></span> <span class='ocrx_word' id='word_1_177' title='bbox 451 1957 465 1980; x_wconf 84' lang='lat'>‘</span> <span class='ocrx_word' id='word_1_178' title='bbox 488 1975 610 2008; x_wconf 88' lang='lat' dir='ltr'><strong>nam</strong></span> <span class='ocrx_word' id='word_1_179' title='bbox 644 1956 685 2007; x_wconf 91' lang='lat' dir='ltr'><strong>si</strong></span> <span class='ocrx_word' id='word_1_180' title='bbox 723 1955 847 2007; x_wconf 92' lang='lat' dir='ltr'><strong>deus</strong></span> <span class='ocrx_word' id='word_1_181' title='bbox 883 1969 978 2021; x_wconf 90' lang='lat' dir='ltr'><strong>est,</strong></span> <span class='ocrx_word' id='word_1_182' title='bbox 1016 1974 1203 2008; x_wconf 91' lang='lat' dir='ltr'><strong>errasse</strong></span> <span class='ocrx_word' id='word_1_183' title='bbox 1238 1975 1346 2007; x_wconf 92' lang='lat' dir='ltr'><strong>non</strong></span> <span class='ocrx_word' id='word_1_184' title='bbox 1381 1954 1577 2025; x_wconf 90' lang='lat' dir='ltr'><strong>potuit.</strong></span> <span class='ocrx_word' id='word_1_185' title='bbox 1651 1952 1810 2005; x_wconf 91' lang='lat' dir='ltr'><strong>Illum</strong></span> <span class='ocrx_word' id='word_1_186' title='bbox 1847 1966 2027 2005; x_wconf 90' lang='lat' dir='ltr'><strong>tamen</strong></span> 
     </span>
     <span class='ocr_line' id='line_1_22' title="bbox 180 2039 2023 2096; baseline -0.003 0"><span class='ocrx_word' id='word_1_187' title='bbox 180 2043 339 2096; x_wconf 89' lang='lat' dir='ltr'><strong>deum</strong></span> <span class='ocrx_word' id='word_1_188' title='bbox 373 2043 476 2095; x_wconf 93' lang='lat' dir='ltr'><strong>dici</strong></span> <span class='ocrx_word' id='word_1_189' title='bbox 510 2042 748 2095; x_wconf 91' lang='lat' dir='ltr'><strong>nondum</strong></span> <span class='ocrx_word' id='word_1_190' title='bbox 783 2041 1065 2094; x_wconf 89' lang='lat' dir='ltr'><strong>audieram.</strong></span> <span class='ocrx_word' id='word_1_191' title='bbox 1136 2041 1239 2093; x_wconf 91' lang='lat' dir='ltr'><strong>Sed</strong></span> <span class='ocrx_word' id='word_1_192' title='bbox 1271 2042 1311 2094; x_wconf 88' lang='lat' dir='ltr'><strong>si</strong></span> <span class='ocrx_word' id='word_1_193' title='bbox 1343 2041 1618 2093; x_wconf 90' lang='lat' dir='ltr'><strong>Platonem</strong></span> <span class='ocrx_word' id='word_1_194' title='bbox 1651 2039 1838 2092; x_wconf 92' lang='lat' dir='ltr'><strong>Cicero</strong></span> <span class='ocrx_word' id='word_1_195' title='bbox 1869 2057 2023 2091; x_wconf 92' lang='lat' dir='ltr'><strong>suum</strong></span> 
     </span>
     <span class='ocr_line' id='line_1_23' title="bbox 181 2125 2100 2196; baseline -0.003 -14"><span class='ocrx_word' id='word_1_196' title='bbox 181 2130 340 2182; x_wconf 93' lang='lat' dir='ltr'><strong>deum</strong></span> <span class='ocrx_word' id='word_1_197' title='bbox 362 2142 534 2194; x_wconf 88' lang='lat' dir='ltr'><strong>vocat,</strong></span> <span class='ocrx_word' id='word_1_198' title='bbox 558 2148 652 2181; x_wconf 92' lang='lat' dir='ltr'><strong>cur</strong></span> <span class='ocrx_word' id='word_1_199' title='bbox 675 2148 782 2180; x_wconf 92' lang='lat' dir='ltr'><strong>non</strong></span> <span class='ocrx_word' id='word_1_200' title='bbox 805 2142 866 2180; x_wconf 93' lang='lat' dir='ltr'><strong>ut</strong></span> <span class='ocrx_word' id='word_1_201' title='bbox 892 2127 1050 2180; x_wconf 92' lang='lat' dir='ltr'><strong>deum</strong></span> <span class='ocrx_word' id='word_1_202' title='bbox 1075 2141 1230 2180; x_wconf 92' lang='lat' dir='ltr'><strong>tuum</strong></span> <span class='ocrx_word' id='word_1_203' title='bbox 1254 2127 1566 2180; x_wconf 91' lang='lat' dir='ltr'><strong>Ciceronem</strong></span> <span class='ocrx_word' id='word_1_204' title='bbox 1588 2145 1756 2191; x_wconf 80' lang='lat' dir='ltr'><strong>voceS,</strong></span> <span class='ocrx_word' id='word_1_205' title='bbox 1781 2125 1878 2178; x_wconf 88' lang='lat' dir='ltr'><strong>nisi</strong></span> <span class='ocrx_word' id='word_1_206' title='bbox 1901 2125 2024 2196; x_wconf 92' lang='lat' dir='ltr'><strong>quia</strong></span> <span class='ocrx_word' id='word_1_207' title='bbox 2048 2131 2100 2175; x_wconf 75' lang='grc' dir='ltr'><strong>6ο</strong></span> 
     </span>
     <span class='ocr_line' id='line_1_24' title="bbox 181 2211 2022 2287; baseline -0.004 -17"><span class='ocrx_word' id='word_1_208' title='bbox 181 2217 301 2270; x_wconf 88' lang='lat' dir='ltr'><strong>deos</strong></span> <span class='ocrx_word' id='word_1_209' title='bbox 320 2236 417 2287; x_wconf 93' lang='lat' dir='ltr'><strong>pro</strong></span> <span class='ocrx_word' id='word_1_210' title='bbox 435 2216 653 2268; x_wconf 89' lang='lat' dir='ltr'><strong>arbitrio</strong></span> <span class='ocrx_word' id='word_1_211' title='bbox 668 2215 766 2267; x_wconf 90' lang='lat' dir='ltr'><strong>sibi</strong></span> <span class='ocrx_word' id='word_1_212' title='bbox 785 2215 980 2285; x_wconf 88' lang='lat' dir='ltr'><strong>fingere</strong></span> <span class='ocrx_word' id='word_1_213' title='bbox 998 2234 1105 2267; x_wconf 90' lang='lat' dir='ltr'><strong>non</strong></span> <span class='ocrx_word' id='word_1_214' title='bbox 1123 2228 1199 2266; x_wconf 93' lang='lat' dir='ltr'><strong>est</strong></span> <span class='ocrx_word' id='word_1_215' title='bbox 1219 2228 1424 2266; x_wconf 90' lang='lat' dir='ltr'><strong>nostrae</strong></span> <span class='ocrx_word' id='word_1_216' title='bbox 1442 2213 1735 2282; x_wconf 88' lang='lat' dir='ltr'><strong>religionis.&#39;</strong></span> <span class='ocrx_word' id='word_1_217' title='bbox 1791 2213 1806 2236; x_wconf 90' lang='lat'>‘</span> <span class='ocrx_word' id='word_1_218' title='bbox 1828 2211 1986 2264; x_wconf 93' lang='lat' dir='ltr'><strong>Ludo</strong></span> <span class='ocrx_word' id='word_1_219' title='bbox 2008 2212 2022 2236; x_wconf 93' lang='lat'>&#39;</span> 
     </span>
     <span class='ocr_line' id='line_1_25' title="bbox 179 2294 2022 2375; baseline -0.003 -19"><span class='ocrx_word' id='word_1_220' title='bbox 179 2305 356 2375; x_wconf 94' lang='lat' dir='ltr'><strong>inquit</strong></span> <span class='ocrx_word' id='word_1_221' title='bbox 376 2303 463 2355; x_wconf 92' lang='lat' dir='ltr'><strong>ille</strong></span> <span class='ocrx_word' id='word_1_222' title='bbox 481 2324 494 2368; x_wconf 91' lang='lat'>;</span> <span class='ocrx_word' id='word_1_223' title='bbox 546 2302 867 2368; x_wconf 45' lang='lat' dir='ltr'><strong>(hominem,</strong></span> <span class='ocrx_word' id='word_1_224' title='bbox 889 2301 979 2373; x_wconf 84' lang='lat' dir='ltr'><strong>sed</strong></span> <span class='ocrx_word' id='word_1_225' title='bbox 1002 2301 1182 2370; x_wconf 90' lang='lat' dir='ltr'><strong>divino</strong></span> <span class='ocrx_word' id='word_1_226' title='bbox 1199 2301 1430 2370; x_wconf 79' lang='lat' dir='ltr'><strong>ingenio,</strong></span> <span class='ocrx_word' id='word_1_227' title='bbox 1451 2301 1605 2352; x_wconf 81' lang='lat' dir='ltr'><strong>fuisse</strong></span> <span class='ocrx_word' id='word_1_228' title='bbox 1624 2298 1865 2352; x_wconf 92' lang='lat' dir='ltr'><strong>Tullium</strong></span> <span class='ocrx_word' id='word_1_229' title='bbox 1881 2294 2022 2350; x_wconf 59' lang='lat' dir='ltr'><strong>scio?</strong></span> 
     </span>
    </p>

    <p class='ocr_par' dir='ltr' id='par_1_4' title="bbox 182 2384 2119 2717">
     <span class='ocr_line' id='line_1_26' title="bbox 182 2384 2023 2460; baseline -0.004 -18"><span class='ocrx_word' id='word_1_230' title='bbox 182 2392 197 2416; x_wconf 89' lang='lat'>‘</span> <span class='ocrx_word' id='word_1_231' title='bbox 220 2391 338 2442; x_wconf 88' lang='lat' dir='ltr'><strong>Hoc</strong></span> <span class='ocrx_word' id='word_1_232' title='bbox 361 2391 374 2414; x_wconf 90' lang='lat'>&#39;</span> <span class='ocrx_word' id='word_1_233' title='bbox 407 2390 625 2460; x_wconf 89' lang='lat' dir='ltr'><strong>inquam</strong></span> <span class='ocrx_word' id='word_1_234' title='bbox 657 2390 672 2413; x_wconf 89' lang='lat'>‘</span> <span class='ocrx_word' id='word_1_235' title='bbox 695 2389 882 2459; x_wconf 92' lang='lat' dir='ltr'><strong>utique</strong></span> <span class='ocrx_word' id='word_1_236' title='bbox 915 2388 1123 2441; x_wconf 79' lang='lat' dir='ltr'><strong>rectiuS.</strong></span> <span class='ocrx_word' id='word_1_237' title='bbox 1194 2388 1335 2438; x_wconf 90' lang='lat' dir='ltr'><strong>Nam</strong></span> <span class='ocrx_word' id='word_1_238' title='bbox 1362 2386 1637 2440; x_wconf 90' lang='lat' dir='ltr'><strong>caelestem</strong></span> <span class='ocrx_word' id='word_1_239' title='bbox 1665 2384 2023 2445; x_wconf 91' lang='lat' dir='ltr'><strong>Quintilianus</strong></span> 
     </span>
     <span class='ocr_line' id='line_1_27' title="bbox 183 2473 2119 2542; baseline -0.004 -12"><span class='ocrx_word' id='word_1_240' title='bbox 183 2477 424 2542; x_wconf 79' lang='lat' dir='ltr'><strong>dicende,</strong></span> <span class='ocrx_word' id='word_1_241' title='bbox 460 2495 643 2529; x_wconf 89' lang='lat' dir='ltr'><strong>verum</strong></span> <span class='ocrx_word' id='word_1_242' title='bbox 681 2475 831 2528; x_wconf 85' lang='lat' dir='ltr'><strong>dixit.</strong></span> <span class='ocrx_word' id='word_1_243' title='bbox 905 2474 1007 2527; x_wconf 91' lang='lat' dir='ltr'><strong>Sed</strong></span> <span class='ocrx_word' id='word_1_244' title='bbox 1042 2475 1082 2526; x_wconf 93' lang='lat' dir='ltr'><strong>si</strong></span> <span class='ocrx_word' id='word_1_245' title='bbox 1118 2474 1279 2526; x_wconf 90' lang='lat' dir='ltr'><strong>homo</strong></span> <span class='ocrx_word' id='word_1_246' title='bbox 1314 2474 1435 2539; x_wconf 79' lang='lat' dir='ltr'><strong>fuit,</strong></span> <span class='ocrx_word' id='word_1_247' title='bbox 1473 2487 1528 2525; x_wconf 92' lang='lat' dir='ltr'><strong>et</strong></span> <span class='ocrx_word' id='word_1_248' title='bbox 1565 2491 1752 2525; x_wconf 90' lang='lat' dir='ltr'><strong>errasse</strong></span> <span class='ocrx_word' id='word_1_249' title='bbox 1786 2473 2028 2542; x_wconf 85' lang='lat' dir='ltr'><strong>profecto</strong></span> <span class='ocrx_word' id='word_1_250' title='bbox 2111 2538 2119 2540; x_wconf 14' lang='grc' dir='ltr'>ἡ</span> 
     </span>
     <span class='ocr_line' id='line_1_28' title="bbox 183 2558 2099 2635; baseline -0.002 -19"><span class='ocrx_word' id='word_1_251' title='bbox 183 2564 363 2635; x_wconf 92' lang='lat' dir='ltr'><strong>potuit</strong></span> <span class='ocrx_word' id='word_1_252' title='bbox 384 2576 438 2615; x_wconf 95' lang='lat' dir='ltr'><strong>et</strong></span> <span class='ocrx_word' id='word_1_253' title='bbox 459 2562 683 2614; x_wconf 90' lang='lat' dir='ltr'><strong>erravit.&#39;</strong></span> <span class='ocrx_word' id='word_1_254' title='bbox 741 2562 886 2613; x_wconf 89' lang='lat' dir='ltr'><strong>Haec</strong></span> <span class='ocrx_word' id='word_1_255' title='bbox 909 2561 1037 2613; x_wconf 90' lang='lat' dir='ltr'><strong>dum</strong></span> <span class='ocrx_word' id='word_1_256' title='bbox 1060 2560 1304 2625; x_wconf 89' lang='lat' dir='ltr'><strong>dicerem,</strong></span> <span class='ocrx_word' id='word_1_257' title='bbox 1327 2559 1656 2625; x_wconf 89' lang='lat' dir='ltr'><strong>cohorrebat,</strong></span> <span class='ocrx_word' id='word_1_258' title='bbox 1679 2573 1732 2611; x_wconf 93' lang='lat' dir='ltr'><strong>et</strong></span> <span class='ocrx_word' id='word_1_259' title='bbox 1754 2558 1899 2629; x_wconf 89' lang='lat' dir='ltr'><strong>quasi</strong></span> <span class='ocrx_word' id='word_1_260' title='bbox 1921 2577 2028 2609; x_wconf 93' lang='lat' dir='ltr'><strong>non</strong></span> <span class='ocrx_word' id='word_1_261' title='bbox 2049 2572 2099 2624; x_wconf 83' lang='lat'><strong>65</strong></span> 
     </span>
     <span class='ocr_line' id='line_1_29' title="bbox 183 2645 1956 2717; baseline -0.003 -15"><span class='ocrx_word' id='word_1_262' title='bbox 183 2652 240 2703; x_wconf 93' lang='lat' dir='ltr'><strong>in</strong></span> <span class='ocrx_word' id='word_1_263' title='bbox 265 2651 459 2703; x_wconf 86' lang='lat' dir='ltr'><strong>famam</strong></span> <span class='ocrx_word' id='word_1_264' title='bbox 486 2648 712 2713; x_wconf 77' lang='lat' dir='ltr'><strong>alteriuS,</strong></span> <span class='ocrx_word' id='word_1_265' title='bbox 739 2647 830 2700; x_wconf 93' lang='lat' dir='ltr'><strong>sed</strong></span> <span class='ocrx_word' id='word_1_266' title='bbox 854 2648 910 2699; x_wconf 93' lang='lat' dir='ltr'><strong>in</strong></span> <span class='ocrx_word' id='word_1_267' title='bbox 934 2666 1087 2699; x_wconf 90' lang='lat' dir='ltr'><strong>suurn</strong></span> <span class='ocrx_word' id='word_1_268' title='bbox 1114 2660 1274 2717; x_wconf 90' lang='lat' dir='ltr'><strong>caput</strong></span> <span class='ocrx_word' id='word_1_269' title='bbox 1302 2646 1581 2711; x_wconf 81' lang='lat' dir='ltr'><strong>diceretur,</strong></span> <span class='ocrx_word' id='word_1_270' title='bbox 1610 2645 1956 2698; x_wconf 88' lang='lat' dir='ltr'><strong>aversabatur.</strong></span> 
     </span>
    </p>

    <p class='ocr_par' dir='ltr' id='par_1_5' title="bbox 186 2732 2103 3326">
     <span class='ocr_line' id='line_1_30' title="bbox 253 2732 2029 2807; baseline -0.003 -18"><span class='ocrx_word' id='word_1_271' title='bbox 253 2738 366 2807; x_wconf 89' lang='lat' dir='ltr'><strong>Ego</strong></span> <span class='ocrx_word' id='word_1_272' title='bbox 395 2755 519 2789; x_wconf 90' lang='lat' dir='ltr'><strong>vero</strong></span> <span class='ocrx_word' id='word_1_273' title='bbox 549 2734 679 2805; x_wconf 89' lang='lat' dir='ltr'><strong>quid</strong></span> <span class='ocrx_word' id='word_1_274' title='bbox 711 2734 938 2787; x_wconf 88' lang='lat' dir='ltr'><strong>dicerem</strong></span> <span class='ocrx_word' id='word_1_275' title='bbox 969 2733 1300 2786; x_wconf 86' lang='lat' dir='ltr'><strong>Ciceroniani</strong></span> <span class='ocrx_word' id='word_1_276' title='bbox 1331 2733 1555 2786; x_wconf 89' lang='lat' dir='ltr'><strong>nominis</strong></span> <span class='ocrx_word' id='word_1_277' title='bbox 1586 2746 1641 2785; x_wconf 92' lang='lat' dir='ltr'><strong>et</strong></span> <span class='ocrx_word' id='word_1_278' title='bbox 1670 2733 1782 2803; x_wconf 89' lang='lat' dir='ltr'><strong>ipse</strong></span> <span class='ocrx_word' id='word_1_279' title='bbox 1810 2732 2029 2783; x_wconf 91' lang='lat' dir='ltr'><strong>mirator</strong></span> 
     </span>
     <span class='ocr_line' id='line_1_31' title="bbox 186 2817 2028 2890; baseline -0.004 -14"><span class='ocrx_word' id='word_1_280' title='bbox 186 2824 440 2876; x_wconf 84' lang='lat' dir='ltr'><strong>maximus</strong></span> <span class='ocrx_word' id='word_1_281' title='bbox 469 2825 486 2874; x_wconf 83' lang='lat'>?</span> <span class='ocrx_word' id='word_1_282' title='bbox 557 2820 716 2873; x_wconf 90' lang='lat' dir='ltr'><strong>Senili</strong></span> <span class='ocrx_word' id='word_1_283' title='bbox 747 2821 919 2873; x_wconf 92' lang='lat' dir='ltr'><strong>ardori</strong></span> <span class='ocrx_word' id='word_1_284' title='bbox 950 2834 1004 2873; x_wconf 92' lang='lat' dir='ltr'><strong>et</strong></span> <span class='ocrx_word' id='word_1_285' title='bbox 1037 2834 1188 2873; x_wconf 90' lang='lat' dir='ltr'><strong>tanto</strong></span> <span class='ocrx_word' id='word_1_286' title='bbox 1217 2819 1395 2873; x_wconf 84' lang='lat' dir='ltr'><strong>studio</strong></span> <span class='ocrx_word' id='word_1_287' title='bbox 1424 2818 1740 2890; x_wconf 91' lang='lat' dir='ltr'><strong>gratulabar,</strong></span> <span class='ocrx_word' id='word_1_288' title='bbox 1773 2817 2028 2889; x_wconf 88' lang='lat' dir='ltr'><strong>quiddam</strong></span> 
     </span>
     <span class='ocr_line' id='line_1_32' title="bbox 187 2905 2028 2978; baseline -0.004 -15"><span class='ocrx_word' id='word_1_289' title='bbox 187 2910 384 2964; x_wconf 90' lang='lat' dir='ltr'><strong>scilicet</strong></span> <span class='ocrx_word' id='word_1_290' title='bbox 423 2908 812 2978; x_wconf 89' lang='lat' dir='ltr'><strong>Pythagoreum</strong></span> <span class='ocrx_word' id='word_1_291' title='bbox 851 2907 1147 2972; x_wconf 82' lang='lat' dir='ltr'><strong>redolenti3</strong></span> <span class='ocrx_word' id='word_1_292' title='bbox 1209 2920 1414 2961; x_wconf 88' lang='lat' dir='ltr'><strong>tantam</strong></span> <span class='ocrx_word' id='word_1_293' title='bbox 1454 2906 1606 2959; x_wconf 91' lang='lat' dir='ltr'><strong>unius</strong></span> <span class='ocrx_word' id='word_1_294' title='bbox 1646 2905 1843 2974; x_wconf 90' lang='lat' dir='ltr'><strong>ingenii</strong></span> <span class='ocrx_word' id='word_1_295' title='bbox 1882 2922 2028 2957; x_wconf 89' lang='lat' dir='ltr'><strong>reve-</strong></span> 
     </span>
     <span class='ocr_line' id='line_1_33' title="bbox 187 2990 2103 3063; baseline -0.002 -14"><span class='ocrx_word' id='word_1_296' title='bbox 187 2997 413 3049; x_wconf 90' lang='lat' dir='ltr'><strong>rentiam</strong></span> <span class='ocrx_word' id='word_1_297' title='bbox 445 3014 566 3060; x_wconf 89' lang='lat' dir='ltr'><strong>esse,</strong></span> <span class='ocrx_word' id='word_1_298' title='bbox 600 3008 804 3047; x_wconf 91' lang='lat' dir='ltr'><strong>tantam</strong></span> <span class='ocrx_word' id='word_1_299' title='bbox 835 2993 1157 3063; x_wconf 85' lang='lat' dir='ltr'><strong>religionem,</strong></span> <span class='ocrx_word' id='word_1_300' title='bbox 1189 3007 1251 3046; x_wconf 92' lang='lat' dir='ltr'><strong>ut</strong></span> <span class='ocrx_word' id='word_1_301' title='bbox 1281 2994 1541 3046; x_wconf 90' lang='lat' dir='ltr'><strong>humanae</strong></span> <span class='ocrx_word' id='word_1_302' title='bbox 1569 2991 1944 3044; x_wconf 91' lang='lat' dir='ltr'><strong>imbecillitatis</strong></span> <span class='ocrx_word' id='word_1_303' title='bbox 1974 2990 2031 3043; x_wconf 91' lang='lat' dir='ltr'><strong>in</strong></span> <span class='ocrx_word' id='word_1_304' title='bbox 2054 3018 2103 3058; x_wconf 78' lang='lat'><strong>70</strong></span> 
     </span>
     <span class='ocr_line' id='line_1_34' title="bbox 188 3076 2031 3153; baseline -0.005 -17"><span class='ocrx_word' id='word_1_305' title='bbox 188 3103 251 3136; x_wconf 92' lang='lat' dir='ltr'><strong>eo</strong></span> <span class='ocrx_word' id='word_1_306' title='bbox 278 3082 478 3153; x_wconf 91' lang='lat' dir='ltr'><strong>aliquid</strong></span> <span class='ocrx_word' id='word_1_307' title='bbox 502 3080 748 3151; x_wconf 91' lang='lat' dir='ltr'><strong>suspicari</strong></span> <span class='ocrx_word' id='word_1_308' title='bbox 773 3079 1038 3149; x_wconf 88' lang='lat' dir='ltr'><strong>sacrilegio</strong></span> <span class='ocrx_word' id='word_1_309' title='bbox 1063 3080 1364 3150; x_wconf 87' lang='lat' dir='ltr'><strong>proximum</strong></span> <span class='ocrx_word' id='word_1_310' title='bbox 1390 3079 1691 3143; x_wconf 90' lang='lat' dir='ltr'><strong>haberetur,</strong></span> <span class='ocrx_word' id='word_1_311' title='bbox 1717 3076 2031 3147; x_wconf 91' lang='lat' dir='ltr'><strong>gaudebam,</strong></span> 
     </span>
     <span class='ocr_line' id='line_1_35' title="bbox 190 3162 2030 3239; baseline -0.004 -17"><span class='ocrx_word' id='word_1_312' title='bbox 190 3169 520 3239; x_wconf 91' lang='lat' dir='ltr'><strong>mirabarque</strong></span> <span class='ocrx_word' id='word_1_313' title='bbox 557 3167 810 3220; x_wconf 89' lang='lat' dir='ltr'><strong>invenisse</strong></span> <span class='ocrx_word' id='word_1_314' title='bbox 847 3166 1135 3231; x_wconf 89' lang='lat' dir='ltr'><strong>hominem,</strong></span> <span class='ocrx_word' id='word_1_315' title='bbox 1175 3167 1267 3236; x_wconf 92' lang='lat' dir='ltr'><strong>qui</strong></span> <span class='ocrx_word' id='word_1_316' title='bbox 1306 3165 1420 3236; x_wconf 93' lang='lat' dir='ltr'><strong>plus</strong></span> <span class='ocrx_word' id='word_1_317' title='bbox 1460 3184 1545 3217; x_wconf 90' lang='lat' dir='ltr'><strong>me</strong></span> <span class='ocrx_word' id='word_1_318' title='bbox 1582 3163 1734 3216; x_wconf 90' lang='lat' dir='ltr'><strong>illum</strong></span> <span class='ocrx_word' id='word_1_319' title='bbox 1773 3162 2030 3232; x_wconf 91' lang='lat' dir='ltr'><strong>diligeret,</strong></span> 
     </span>
     <span class='ocr_line' id='line_1_36' title="bbox 190 3248 2033 3326; baseline -0.004 -18"><span class='ocrx_word' id='word_1_320' title='bbox 190 3274 351 3326; x_wconf 90' lang='lat' dir='ltr'><strong>quem</strong></span> <span class='ocrx_word' id='word_1_321' title='bbox 376 3274 472 3326; x_wconf 88' lang='lat' dir='ltr'><strong>ego</strong></span> <span class='ocrx_word' id='word_1_322' title='bbox 495 3272 700 3325; x_wconf 89' lang='lat' dir='ltr'><strong>semper</strong></span> <span class='ocrx_word' id='word_1_323' title='bbox 724 3273 848 3324; x_wconf 91' lang='lat' dir='ltr'><strong>prae</strong></span> <span class='ocrx_word' id='word_1_324' title='bbox 872 3252 1115 3305; x_wconf 90' lang='lat' dir='ltr'><strong>omnibus</strong></span> <span class='ocrx_word' id='word_1_325' title='bbox 1142 3252 1448 3318; x_wconf 86' lang='lat' dir='ltr'><strong>dilexissem,</strong></span> <span class='ocrx_word' id='word_1_326' title='bbox 1474 3252 1690 3322; x_wconf 91' lang='lat' dir='ltr'><strong>quique,</strong></span> <span class='ocrx_word' id='word_1_327' title='bbox 1716 3267 1876 3320; x_wconf 91' lang='lat' dir='ltr'><strong>quam</strong></span> <span class='ocrx_word' id='word_1_328' title='bbox 1902 3248 2033 3300; x_wconf 92' lang='lat' dir='ltr'><strong>mihi</strong></span> 
     </span>
    </p>
   </div>
  </div>
 </body>
</html>
