2242 3600
669 163 956 218 PETRO
1010 164 1566 218 BONONIENSI
1943 180 2031 236 151

195 293 580 359 memorandus,
608 295 769 347 sciens
799 294 871 346 nil
899 296 999 347 rite
1026 293 1204 364 nilque
1231 295 1453 346 feliciter
1480 294 1609 359 fieri,
1639 294 1734 344 nisi
1759 306 2033 362 sumptum

193 381 354 432 fuerit
404 400 431 432 a
476 379 729 457 geligione
777 381 1114 451 principium,
1163 381 1241 449 ian
1267 380 1446 445 laudes
1467 380 1597 445 Qei
1647 393 1700 431 et
1749 379 2034 454 gratiarum
2055 394 2117 433 60-

194 466 422 519 actiones
457 480 574 519 toto
605 486 726 539 cum
752 467 951 537 populo
976 486 1028 520 se
1058 467 1338 533 convertit,
1367 486 1566 537 perque
1596 465 1782 518 urbem
1802 483 2033 530 omnem,

191 553 283 606 sed
314 553 640 624 conspectius
671 554 728 605 in
754 553 960 605 basilica
992 553 1133 605 beati
1159 553 1332 605 Marci
1359 552 1734 623 Evangelistae,
1759 571 1863 623 qua
1894 551 2036 604 nulla

193 653 255 692 ut
287 660 402 693 reor
429 659 647 710 usquam
671 639 939 710 pulchrior
961 641 1163 691 factum
1200 653 1293 704 est,
1324 653 1584 710 quantum
1611 639 1722 691 fieri
1748 658 1842 709 per
1863 638 2034 690 homi-

193 746 314 779 nem
351 728 470 779 Deo
503 740 696 797 potest,
719 726 870 779 sacris
896 726 1242 778 celeberrimis
1266 740 1319 778 et
1351 727 1675 796 processione
1700 726 1890 795 insigni
1913 739 2036 777 ante

193 828 247 866 et
286 814 421 866 circa
461 813 720 884 templum
772 812 969 878 habita,
1011 813 1102 865 ubi
1142 832 1250 865 non
1287 812 1455 865 solum
1494 812 1720 884 populus
1766 812 2037 882 clerusque
2058 821 2107 873 65

194 901 360 953 omnis
408 900 577 965 affuit,
620 900 711 952 sed
757 899 974 969 praelati
1020 900 1180 952 etiam
1220 900 1439 965 externi,
1480 918 1609 970 quos
1649 899 1734 952 hic
1773 898 1856 952 vel
1894 918 2036 951 casus

191 985 392 1056 aliquis,
424 986 506 1038 vel
536 986 750 1038 videndi
781 1005 943 1051 amor,
972 985 1054 1038 vel
1083 986 1294 1055 vulgata
1326 985 1539 1038 devotio
1571 985 1860 1038 detinebat.

259 1073 484 1124 Peractis
521 1073 707 1125 eximie
740 1068 971 1146 quae'ad
1002 1091 1113 1124 rem
1142 1072 1376 1146 divinam
1409 1073 1765 1143 pertinebant,
1801 1074 1856 1124 in
1886 1072 2036 1125 ludos

191 1178 248 1211 ac
279 1158 574 1229 spectacula
600 1160 730 1212 versi
762 1177 957 1211 omnes,
1031 1159 1326 1230 Operosum
1358 1160 1519 1212 fuerit
1551 1178 1873 1225 enumerare,
1902 1173 2036 1230 quot

189 1242 438 1295 ludorum
470 1243 681 1313 species,
716 1262 850 1313 quae
883 1244 1099 1308 formae,
1134 1243 1226 1313 qui
1259 1257 1521 1313 sumptuS,
1554 1243 2037 1314 quaesolemnitaS,
2062 1267 2111 1307 70

190 1329 305 1399 quis
341 1328 489 1395 ordo,
525 1344 588 1382 ut
623 1328 769 1398 quod
796 1329 852 1380 in
888 1349 942 1382 re
980 1328 1070 1381 tali
1106 1324 1285 1381 rarum
1315 1323 1466 1382 valde
1496 1343 1550 1382 et
1583 1328 1836 1399 mirabile,
1867 1328 2037 1381 nullus

191 1434 412 1486 usquam
458 1415 736 1480 tumultus,
782 1415 924 1467 nulla
967 1416 1221 1481 confusio,
1267 1416 1438 1468 nullus
1483 1435 1683 1482 rancor,
1728 1416 1818 1468 sed
1862 1417 2038 1468 omnia

189 1502 343 1573 plena
376 1501 625 1567 laetitiae,
656 1501 809 1572 plena
843 1503 1057 1572 gratiae,
1086 1502 1239 1573 plena
1274 1503 1585 1555 concordiae
1620 1516 1781 1573 atque
1817 1503 2002 1555 amoris
2021 1524 2035 1568 ;

134 1626 140 1632 -
191 1603 263 1654 et,
295 1591 334 1641 si
367 1586 754 1657 magnificentia
785 1607 1004 1658 regnum
1035 1608 1188 1642 suum
1217 1590 1408 1656 tenuit,
1438 1588 1662 1643 neinde
1697 1588 1950 1643 modestia
1979 1610 2037 1642 ac

187 1675 435 1727 sobrietas
466 1674 752 1739 exularent,
783 1673 873 1727 sed
902 1676 958 1727 in
986 1695 1076 1728 sua
1104 1675 1247 1728 illam
1278 1676 1426 1741 urbe,
1458 1690 1511 1728 et
1542 1677 1598 1728 in
1627 1696 1717 1729 sua
1749 1676 2038 1729 festivitate
2062 1699 2107 1739 75

190 1775 497 1832 regnantem
527 1775 767 1830 regerent
797 1764 1189 1832 frenarentque.
1255 1762 1464 1815 Multos
1494 1762 1711 1832 quidem
1735 1764 1898 1817 ¹festos
1930 1762 2036 1815 dies

188 1849 331 1901 vario
371 1862 625 1918 apparatu
665 1848 934 1900 celebritas
974 1849 1099 1901 haec
1141 1849 1379 1915 deduxit,
1421 1849 1624 1902 duobus
1666 1849 1881 1902 tandem
1923 1863 2037 1902 tota

188 1954 264 1987 res
288 1934 422 1987 ludis
444 1934 708 1987 clauditur
730 1977 742 1987 .
767 1977 778 1988 .
804 1976 816 1988 .
869 1935 974 2005 [He
996 1936 1235 1988 describes
1257 1936 1336 1988 the
1346 1937 1510 2007 jousts
1529 1936 1643 1988 held
1666 1938 1719 1988 in
1740 1936 1810 1989 St.
1834 1937 1901 1987 M
1902 1936 2037 1987 ark’s

187 2021 413 2092 Square]
480 2021 669 2074 Nullus
701 2042 865 2087 sexus,
900 2022 1041 2075 nulla
1073 2037 1228 2088 aetas,
1263 2023 1432 2075 nullus
1464 2037 1629 2075 status
1665 2023 1851 2075 defuit.
1922 2024 2035 2075 Iam

190 2111 318 2162 Dux
357 2109 467 2179 ipse
508 2128 630 2161 cum
669 2110 925 2162 immenso
960 2130 1237 2180 procerum
1277 2111 1537 2163 comitatu
1576 2112 1808 2162 frontem
1849 2110 2033 2180 templi
2058 2126 2108 2164 80

187 2216 342 2267 supra
390 2195 710 2248 vestibulum
759 2211 1123 2267 occupaverat,
1176 2197 1318 2250 unde
1371 2216 1663 2249 marmoreo
1713 2217 1742 2249 e
1789 2211 2034 2267 suggestu

190 2297 356 2335 essent
381 2296 570 2336 cuncta
595 2283 691 2335 sub
716 2283 954 2353 pedibus.
1015 2284 1185 2336 Locus
1211 2298 1288 2336 est
1313 2283 1405 2336 ubi
1429 2297 1687 2355 quattuor
1708 2283 1783 2346 illi
1809 2284 1954 2341 aenei
1978 2297 2046 2338 et

190 2370 377 2439 aurati
384 2370 510 2440 equi
538 2384 699 2434 stant,
731 2370 936 2440 antiqui
966 2371 1134 2440 operis
1165 2385 1219 2423 et
1249 2370 1515 2441 praeclari,
1548 2370 1780 2440 quisquis
1810 2369 1899 2421 ille
1929 2371 2033 2421 fuit

190 2458 394 2521 artifex',
407 2476 469 2508 ex
483 2455 590 2533 alto
601 2476 767 2526 paene
777 2458 904 2509 vivis
917 2458 1203 2509 adimentes
1224 2460 1285 2531 [si
1289 2459 1328 2528 c]
1349 2476 1404 2508 ac
1419 2456 1640 2527 pedibus
1654 2456 2030 2527 obstrepentes.

190 2545 340 2596 Neve
378 2544 598 2595 aestivus
633 2543 726 2608 sol,
759 2563 954 2613 pronus
986 2543 1051 2595 ad
1082 2563 1367 2614 vesperam,
1401 2557 1492 2595 aut
1532 2545 1703 2596 calore
1741 2543 2033 2595 offenderet
2056 2554 2105 2604 85

189 2644 280 2682 aut
301 2629 521 2700 fulgore,
545 2629 916 2682 diversicoloris
943 2629 1100 2682 auleis
1127 2627 1503 2701 usquequaque
1529 2629 1882 2699 pendentibus
1910 2648 2032 2699 pro-

188 2717 357 2769 visum
388 2729 516 2767 erat.
586 2715 700 2768 Illic
728 2735 830 2791 ego
857 2729 1084 2786 rogatus,
1117 2735 1252 2786 quae
1278 2715 1457 2768 crebra
1484 2715 1720 2785 dignatio
1747 2716 1911 2768 Ducis
1938 2730 2032 2780 est,

189 2802 256 2854 ad
287 2801 556 2855 dexteram
596 2802 702 2854 eius
734 2791 861 2867 sedi,
892 2821 1076 2854 verum
1112 2802 1261 2854 bidui
1295 2802 1595 2872 spectaculo
1634 2815 1934 2867 contentus,
1968 2802 2033 2853 de

189 2889 392 2959 reliquo
429 2890 830 2959 occupationem
871 2889 1001 2941 nulli
1039 2890 1363 2959 incognitam
1404 2890 1657 2942 excusavi.
1726 2890 1871 2941 Infra
1909 2908 2032 2941 vero

189 2975 321 3027 nihil
364 2976 531 3041 vacui,
578 2995 702 3041 non,
748 2990 809 3028 ut
855 2977 1021 3041 aiunt,
1068 2975 1199 3028 milii
1242 2995 1464 3046 granum
1508 2976 1565 3027 in
1610 2989 1804 3028 terram
1849 2975 2032 3027 cadere
2054 2995 2104 3033 90

5 3063 462 3139 ⁴,hb-rgespotuisset,
483 3062 873 3139 Elsstssffissgen&
897 3062 1158 3133 templum
1178 3063 1368 3133 ipsum,
1392 3076 1576 3128 turreS‚
1601 3075 1758 3127 tecta,
1780 3062 2030 3131 porticuS,

187 3152 460 3214 fenestrae,
495 3168 603 3201 non
636 3163 847 3202 tantum
880 3150 1034 3220 plena
1065 3149 1156 3201 sed
1188 3152 1425 3202 conferta
1458 3150 1634 3202 omnia
1667 3163 1721 3202 et
1754 3148 2029 3201 condensa.

188 3235 566 3290 Inextimabilis
593 3250 753 3306 atque
780 3236 1095 3290 incredibilis
1122 3237 1306 3307 populi
1333 3236 1626 3290 multitudo
1653 3250 1819 3289 terrae
1845 3236 2031 3289 faciem
