2242 3600
271 167 367 203 120
795 150 1066 202 NERIo
1126 149 1580 223 MORANDo

264 276 508 329 omnibus
552 290 819 346 satagente
864 296 956 345 per
1001 297 1053 329 se
1097 296 1294 347 perque
1340 276 1480 341 alios,
1526 290 1588 328 ut
1633 295 1661 327 a
1705 295 1854 328 sensu
1898 275 2100 330 itineris

194 379 242 418 70
265 362 649 415 confabulando
691 358 991 414 diverterer.
1071 363 1259 433 Itaque
1300 362 1516 432 planum
1557 362 1658 414 iter
1699 376 1753 414 et
1795 361 1950 414 breve
1991 380 2100 414 non

264 448 544 500 sentientes
568 449 781 517 egimus.
843 447 1071 507 Quidam
1095 468 1218 501 vero
1242 467 1326 500 me
1351 447 1547 499 nobiles
1571 447 1834 517 prosecuti
1857 461 2004 499 erant
2029 446 2098 500 ob

263 533 319 584 id
346 534 569 585 maxime
596 548 656 585 ut
686 547 793 585 tam
821 533 1008 585 fervidi
1035 534 1259 586 hominis
1286 548 1481 586 secreta
1508 545 1895 603 cognoscerent.
1958 532 2099 584 Cum

265 619 330 670 ad
362 619 545 672 urbem
577 620 738 688 igitur
769 634 987 672 ventum
1020 634 1166 686 esset,
1202 634 1254 672 et
1287 620 1350 671 ab
1383 620 1556 671 amicis
1589 619 1796 671 obviam
1827 617 2101 688 progressis

265 705 436 758 multo
466 724 586 758 cum
614 705 805 774 gaudio
836 706 1080 776 excipior,
1112 720 1165 758 et
1196 726 1223 758 a
1252 706 1484 776 praeside
1513 705 1809 776 provinciae
1838 717 1891 756 et
1922 723 1950 755 a
1978 702 2102 755 belli

193 806 242 846 75
266 791 398 844 duce
430 805 484 843 et
519 811 546 842 a
578 792 891 862 primoribus
925 792 1107 862 populi
1141 793 1383 846 certatim
1416 812 1512 862 pro
1544 812 1596 844 se
1629 810 1841 861 quoque
1872 790 2102 842 instante

264 878 319 929 in
348 877 602 947 palatium
632 878 904 948 publicum
936 893 988 930 et
1019 879 1277 931 nobilium
1310 878 1492 931 domos
1522 897 1716 942 vocor;
1767 876 1859 928 illo
1887 875 2100 927 interim

266 964 396 1015 mire
422 964 573 1015 anxio
599 977 651 1015 et
679 965 836 1016 tantis
862 965 1101 1034 precibus
1127 979 1351 1035 pavente
1377 985 1442 1018 ne
1466 966 1714 1018 vincerer.
1778 963 1899 1015 Feci
1924 976 2101 1015 autem

265 1049 409 1120 quod
445 1069 528 1102 me
566 1050 783 1120 dignum
821 1050 1054 1115 credidi3
1113 1051 1178 1102 ad
1213 1052 1500 1125 humilioris
1538 1051 1689 1103 amici
1727 1049 1944 1102 domum
1979 1067 2102 1101 cum
2184 1080 2186 1082 -

264 1136 411 1188 sociis
442 1135 700 1188 descendi.
768 1137 851 1189 Ibi
881 1157 1003 1189 vero
1031 1137 1211 1206 ingens
1241 1152 1534 1208 apparatus,
1565 1156 1724 1189 coena
1754 1154 1860 1187 non
1878 1134 2101 1204 {abrilis,

193 1233 242 1270 80
267 1241 372 1273 non
387 1221 763 1293 philosophica,
778 1222 867 1275 sed
886 1224 1040 1292 regia,
1056 1222 1311 1275 thalamus
1331 1238 1555 1288 auratus,
1571 1221 1743 1276 cubile
1759 1239 2101 1291 purpureum,

267 1308 357 1360 ubi
406 1328 499 1360 nec
546 1310 758 1362 iacuisse
806 1329 900 1361 nec
947 1310 1227 1361 iaciturum
1276 1329 1378 1361 esse
1425 1309 1583 1361 alium
1631 1323 1900 1379 persancte
1945 1309 2101 1373 iurat,

266 1395 521 1448 librorum
542 1397 692 1466 copi‘a
712 1415 817 1448 non
830 1396 1126 1463 „mechanici
1145 1395 1236 1448 sed
1253 1396 1469 1449 studiosi
1489 1396 1713 1448 hominis
1734 1411 1787 1449 et
1805 1396 2102 1448 litterarum

268 1482 621 1535 amantissimi.
701 1483 783 1534 Ibi
825 1496 1037 1534 noctem
1077 1481 1219 1533 illam
1262 1482 1493 1551 egimus3
1557 1501 1651 1533 nec
1693 1500 1927 1552 unquam
1967 1493 2102 1551 puto
2183 1489 2185 1491 ’

266 1569 482 1622 laetiore
510 1569 716 1639 hospite
745 1571 849 1622 ulla
879 1588 982 1621 nox
1012 1582 1126 1620 acta
1156 1582 1247 1620 est.
1313 1568 1488 1620 Tanta
1518 1569 1657 1620 enim
1686 1569 1886 1621 laetitia
1913 1567 2100 1637 gestie·

195 1672 242 1723 85
268 1654 376 1719 bat,
426 1669 487 1707 ut
538 1656 787 1707 timerent
836 1656 932 1721 sui,
983 1675 1048 1707 ne
1096 1658 1235 1707 forte
1281 1656 1336 1706 in
1385 1655 1630 1708 morbum
1679 1669 1770 1707 aut
1819 1654 2102 1707 amentiam

269 1755 577 1808 verteretur,
615 1744 720 1795 sive
759 1742 903 1812 quod
941 1742 1119 1794 multis
1157 1742 1283 1793 olim
1322 1741 1528 1807 accidit,
1567 1742 1727 1794 etiam
1764 1742 1820 1793 in
1857 1754 2101 1793 mortem.

267 1828 400 1881 Inde
425 1848 548 1881 vero
576 1829 659 1881 die
685 1830 925 1900 proximo
951 1829 1235 1881 honoribus
1264 1842 1316 1880 et
1344 1848 1596 1881 concursu
1623 1829 1898 1880 hominum
1924 1827 2101 1898 pulsus

267 1916 387 1981 abii,
418 1916 651 1986 praeside
679 1917 791 1987 ipso
821 1930 980 1987 atque
1009 1916 1116 1967 aliis
1146 1915 1316 1968 multo
1344 1915 1580 1985 pluribus
1606 1915 1914 1986 longiusque
1942 1932 2101 1985 quam

266 2002 451 2054 vellem
492 2003 884 2068 comitantibus,
928 2017 982 2054 et
1024 2002 1330 2054 amicissimo
1370 2002 1576 2072 hospite
1616 2002 1701 2054 vix
1740 2020 1911 2054 serum
1951 1999 2103 2053 lateri

198 2118 247 2157 90
267 2088 440 2141 avulso
472 2089 566 2141 sub
601 2103 811 2141 noctem
843 2090 952 2160 ipse
984 2109 1067 2142 rus
1101 2088 1246 2141 redii.
1315 2089 1506 2154 Habes,
1541 2089 1613 2140 mi
1646 2089 1791 2154 Neri,
1825 2087 1970 2159 quod
2003 2087 2103 2140 tibi

268 2195 374 2227 non
397 2176 727 2245 incognitum
751 2176 1006 2228 volebam.
1068 2177 1170 2228 Hic
1194 2190 1570 2228 nocturnarum
1594 2175 1933 2246 epistolarum
1954 2174 2102 2226 limes

266 2263 349 2314 sit.
408 2263 520 2314 Iam
543 2263 682 2314 enim
704 2263 829 2314 haec
850 2263 1043 2332 iugiter
1064 2262 1130 2314 ad
1152 2281 1388 2315 auroram
1410 2262 1682 2314 scribendo
1705 2262 1828 2315 tulit
1854 2263 2100 2332 impetus,

266 2351 561 2420 fessumque
599 2350 890 2401 matutinae
928 2349 1117 2419 quietis
1156 2348 1406 2404 admonet
1443 2349 1725 2419 soporifera
1762 2349 1929 2401 noctis
1966 2367 2100 2419 pars·
2161 2339 2164 2342 ⁴

266 2434 353 2487 Tu
381 2435 492 2487 vale
519 2435 756 2500 feliciter,
787 2436 949 2487 nostri
978 2454 1194 2487 memor.
1260 2434 1464 2504 Scripta
1491 2435 1646 2488 rurali
1673 2435 1888 2502 calamo,
1918 2435 2100 2488 Idibus

197 2540 245 2581 95
267 2521 530 2587 OctobriS,
558 2535 678 2574 ante
703 2522 892 2574 lucem.
964 2521 1048 2592 [13
1057 2521 1167 2592 59.].

0 2823 76 2860 ,ὦ
170 2798 267 2845 mu
599 2735 851 2794 Iohanni
878 2735 946 2794 de
979 2735 1264 2794 CertaldO.
1336 2735 1499 2794 Fam.
1532 2736 1648 2793 xxi.
1687 2752 1776 2813 15.

0 2845 410 2990 [34.de
422 2857 618 2912 VLTA
660 2873 782 2911 sunt
832 2859 886 2910 in
929 2859 1115 2911 litteris
1168 2859 1268 2911 tuis
1313 2859 1717 2929 haudquaquam
1762 2858 2100 2929 responsionis

4 2933 98 2971 ι*
421 2946 641 3015 egentia,
687 2960 747 2997 ut
793 2965 925 3015 quae
967 2945 1166 3014 singula
1210 2965 1377 3015 nuper
1419 2945 1533 2998 viva
1573 2964 1699 2997 voce
1745 2945 2098 3014 transegimus.

270 3033 394 3085 Duo
423 3053 485 3084 ex
513 3032 753 3084 omnibus
785 3051 890 3084 non
918 3031 1297 3101 praetereunda
1324 3031 1542 3102 seposui.
1606 3031 1690 3082 Ad
1718 3031 1844 3083 haec
1873 3031 2100 3083 breviter

268 3139 402 3190 quae
427 3139 479 3171 se
505 3118 796 3171 obtulerint
825 3118 1010 3170 dicam.
1067 3119 1302 3171 Primum
1329 3137 1449 3187 ergo
1472 3132 1525 3170 te
1546 3118 1676 3170 mihi
1690 3137 1918 3192 ggtcusas,
1939 3116 2100 3188 idque
2154 3128 2155 3131 ’

222 3219 248 3263 5
274 3226 378 3260 non
407 3207 586 3271 otiose,
608 3205 750 3276 quod
779 3206 833 3257 in
864 3206 1187 3257 conterranei
1218 3205 1399 3270 nostri,
1425 3204 1685 3275 popularis
1715 3204 1928 3275 quidem
1955 3203 2099 3275 quod
