2242 3600
390 181 827 235 VMBERTO
868 182 1284 240 ,DELFINO
1338 183 1826 237 VIENNENSI
1970 202 2028 253 13

178 326 314 384 quot
362 326 417 365 et
465 332 624 384 quam
674 312 815 366 duris
863 312 1066 365 casibus
1111 313 1363 382 exposita,
1412 331 1574 384 quam
1622 313 1804 365 multis
1851 314 2036 366 vixisse

179 400 364 452 nocuit
402 414 456 452 et
493 401 634 453 vitae
669 399 888 469 gloriam
926 400 1199 453 imminuit
1236 420 1375 455 mors
1413 401 1621 455 dilata?
1697 398 2035 461 Quotidianis

179 487 428 557 exemplis
483 487 828 552 abundamus»,
882 486 973 538 sed
1027 490 1349 541 reverentius
1403 489 1624 559 antiqua
1675 505 2038 539 commemoro

180 585 358 624 nostra
384 590 599 642 quoque
624 571 874 623 libentius
902 590 1062 641 quam
1089 587 1304 626 externa
1334 615 1346 627 .
1377 615 1389 627 .
1418 615 1431 627 .
1508 572 1615 644 [He
1641 573 1763 625 cites
1786 570 2039 641 examples
2058 586 2105 628 55

165 660 303 730 from
330 660 532 712 ancient
558 659 764 729 history,
793 658 896 710 and
920 658 1142 728 enlarges
1168 679 1228 712 on
1257 661 1337 713 the
1348 661 1484 731 folly
1512 660 1570 731 of
1586 658 1786 727 secking
1814 671 1859 711 to
1886 657 2039 710 avoid

187 744 383 816 death]

249 832 400 892 Quae
437 850 559 883 cum
598 831 674 883 ita
711 832 835 896 sint,
876 831 1062 883 hortor
1101 845 1263 902 atque
1301 833 1535 898 obsecro,
1575 846 1638 884 ut
1675 831 1780 883 iam
1822 829 2038 883 tandem

181 932 341 989 caput
396 917 641 970 attollens
692 918 1094 990 gircumspicias.
1202 919 1417 987 Yidebis
1479 921 1790 971 immensam
1842 917 2038 969 molem

183 1005 343 1059 tantis
382 1023 565 1074 regum
604 1018 659 1056 et
695 1005 1017 1074 populorum
1057 992 1393 1075 apparatibus
1431 1019 1714 1058 nutantem
1751 1004 2038 1057 ruituram-
2061 1024 2112 1063 60

182 1111 304 1163 que,
337 1111 446 1162 quo
477 1110 592 1144 eam
624 1094 871 1144 fortunae
902 1092 975 1145 vis
1008 1092 1297 1162 impulerit.
1367 1094 1494 1145 Non
1525 1107 1603 1145 est
1636 1091 2038 1144 dissimulationi

180 1181 340 1233 locuS.
396 1179 588 1231 Hostes
617 1179 697 1230 tui
722 1179 942 1247 vigilant
970 1193 1023 1231 et
1050 1197 1227 1248 regem
1255 1179 1365 1248 iugi
1393 1178 1647 1250 obsequio
1676 1179 2037 1231 circumstant.

181 1267 287 1319 Cui
329 1266 370 1317 si
414 1266 636 1318 victoria
681 1266 906 1331 cesserit,
951 1283 1196 1317 somnum
1243 1280 1398 1318 tuum
1443 1266 1499 1317 in
1545 1279 1699 1318 tanto
1743 1284 1886 1318 nunc
1932 1265 2040 1317 eius

182 1353 481 1405 discrimine
509 1351 913 1422 contemplanti,
943 1367 998 1404 et
1026 1367 1235 1422 praeter
1261 1352 1363 1404 hoc
1392 1352 1456 1404 ab
1486 1352 1613 1405 olim
1644 1352 1761 1418 tibi,
1790 1353 1831 1404 si
1859 1352 2039 1417 nesciS,

181 1441 392 1505 infest0‚
423 1438 555 1509 quid
584 1438 735 1490 illum
767 1438 928 1490 animi
957 1438 1267 1490 habiturum
1299 1439 1421 1490 reris
1450 1443 1467 1492 ?
1538 1438 1630 1491 Sin
1660 1439 1812 1491 aliter
1839 1452 2039 1491 succes·
2062 1454 2110 1506 65

116 1527 122 1532 ”
182 1527 306 1579 serit
336 1527 534 1595 (omnia
560 1525 701 1577 enim
734 1538 877 1577 rotat
911 1524 976 1576 ad
1008 1524 1223 1577 libitum
1249 1526 1513 1594 fortuna),
1541 1545 1607 1578 an
1639 1526 1813 1577 forsan
1846 1525 1947 1577 tibi
1979 1545 2042 1578 ex

184 1614 445 1684 praesenti
496 1613 609 1665 otio
659 1612 997 1664 securitatem
1048 1613 1104 1664 in
1154 1611 1246 1664 illo
1275 1599 1482 1664 ‘ardore
1531 1612 1783 1665 victoriae
1832 1626 2039 1683 partam

183 1720 351 1771 speras
381 1705 398 1753 ?
459 1700 550 1752 Tu
573 1718 715 1765 ver0,
741 1718 849 1751 non
873 1699 998 1770 quia
1019 1699 1262 1765 volueris,
1286 1699 1377 1752 sed
1401 1699 1526 1770 quia
1550 1699 1804 1765 timueriS,
1830 1718 2043 1752 cessasse

183 1787 459 1853 videberiS,
515 1801 676 1857 teque
727 1787 1021 1839 communis
1074 1787 1224 1839 ruina
1275 1805 1398 1839 cum
1451 1786 1793 1840 universitate
1845 1786 2043 1856 pariter

184 1873 435 1926 involvet.
511 1873 685 1926 Crede
710 1874 859 1939 mihi,
887 1893 1003 1944 pars
1030 1888 1258 1944 utraque
1282 1887 1634 1944 spectatorem
1663 1887 1718 1926 te
1742 1872 2042 1924 certaminis
2065 1894 2115 1934 70

184 1951 415 2026 vocabit,
453 1974 697 2031 paratum
735 1960 802 2012 ad
838 1962 1085 2013 fortunae
1122 1974 1315 2013 nutum
1354 1974 1516 2031 atque
1552 1959 1618 2012 ad
1654 1959 1868 2013 victoris
1903 1958 2041 2011 arbi-

124 2092 127 2093 .
187 2048 351 2100 trium
390 2047 748 2101 circumvolvi.
825 2048 910 2100 Ita
949 2066 1208 2118 nusquam
1246 2049 1412 2113 favor,
1452 2046 1692 2117 undique
1728 2045 2042 2117 periculum.

186 2135 494 2187 Meminisse
523 2135 784 2205 profuerit
815 2135 977 2187 Metii
1010 2134 1154 2213 ducis
1186 2134 1534 2199 Albanorum,
1566 2134 1660 2205 qui
1691 2132 1956 2204 quadrigis
1988 2133 2044 2184 in

187 2221 454 2282 diversum,
488 2222 614 2274 actis
652 2222 716 2273 ab
754 2222 1003 2286 Hostilio,
1042 2221 1403 2274 Romanorum
1442 2240 1579 2290 rege,
1618 2219 1909 2290 discerptus
1947 2234 2043 2285 est,

186 2307 333 2379 quod
355 2309 496 2360 inter
520 2323 741 2360 armatas
766 2309 895 2360 acies
920 2327 972 2360 se
992 2307 1231 2383 inedium
1256 2308 1597 2379 praebuisset.
1656 2306 2042 2395 Expergiscere,
2066 2331 2114 2373 75

188 2414 299 2460 or0‚
330 2395 581 2447 velociter
611 2409 684 2460 et,
719 2394 847 2447 dum
881 2394 1053 2447 adhuc
1087 2410 1296 2465 tempus
1329 2409 1423 2460 est,
1458 2394 1759 2463 neglectum
1790 2393 2044 2445 hactenus

189 2480 255 2533 ad
284 2480 516 2532 officium
548 2480 695 2545 redi3
747 2480 950 2532 mundo
981 2481 1121 2532 enim
1154 2495 1419 2534 tremente
1449 2480 1679 2532 dormire
1710 2481 1882 2532 nescio
1912 2479 2044 2550 quid

190 2569 350 2619 morti
377 2568 591 2620 similius
620 2587 780 2638 quam
809 2568 982 2637 sopori
1010 2582 1104 2621 est.
1167 2568 1313 2621 Vale.
1378 2567 1580 2638 [1339]

686 2785 964 2864 Dionysio
993 2805 1108 2844 suo,
1179 2784 1344 2844 Fam.
1378 2785 1456 2845 iv.
1495 2803 1544 2844 Ι.

297 2909 719 2964 LTISSIMVM
750 2909 971 2978 regionis
995 2909 1149 2961 huius
1173 2924 1433 2975 montem,
1460 2929 1620 2982 quem
1647 2929 1755 2961 non
1778 2909 2047 2961 immerito

323 2998 618 3079 lLentosum
662 3011 874 3062 vocant,
916 2995 1174 3048 hodierno
1225 2996 1326 3062 die,
1368 2997 1475 3050 sola
1524 2996 1739 3051 videndi
1790 2996 2044 3064 insignem

192 3085 294 3137 loci
331 3084 669 3136 altitudinem
706 3083 1002 3154 cupiditate
1039 3082 1247 3149 ductuS‚
1285 3083 1509 3137 ascendi.
1581 3083 1774 3135 Multis
1809 3083 1911 3135 iter
1945 3082 2046 3134 hoc

193 3171 339 3223 annis
365 3172 421 3222 in
448 3172 624 3223 animo
653 3174 862 3235 fuerat;
910 3170 974 3221 ab
1005 3171 1229 3222 infantia
1258 3171 1399 3222 enim
1430 3171 1508 3222 his
1538 3172 1594 3222 in
1623 3170 1765 3235 locis,
1797 3183 1859 3221 ut
1890 3169 2046 3234 nosti,

197 3261 311 3312 fato
346 3277 424 3311 res
461 3258 739 3311 hominum
777 3270 1033 3322 versante,
1072 3271 1301 3310 versatus
1339 3276 1471 3311 sum.
1545 3257 1707 3309 Mons
1746 3271 1923 3309 autem
1962 3255 2048 3307 hic
2070 3271 2093 3312 5
