2242 3600
219 157 283 211 72
457 133 463 139 ’
686 144 1102 198 ANDREAE
1158 132 1596 201 DANDVLo

145 296 193 338 25
216 284 396 325 status.
471 273 557 324 De
594 286 647 324 te
683 273 813 344 quid
845 273 1055 326 dicam?
1129 274 1291 327 Cuius
1328 274 1468 326 enim
1503 274 1695 344 gloriae
1729 277 1979 346 gratulor,
2009 279 2051 331 si

217 360 508 428 compatior
532 359 697 411 labori
715 348 908 429 {parum
933 361 1042 430 ipse
1067 361 1197 412 mihi
1224 361 1562 426 consentiam,
1589 362 1798 431 ingenio
1824 377 1918 416 tuo
1943 384 2051 418 non

217 446 447 514 compati
497 465 601 498 non
650 465 875 515 possum.
974 445 1155 499 Sentio
1204 465 1430 517 namque
1480 447 1610 517 quid
1656 448 1861 502 intersit
1911 451 2050 504 inter

216 549 479 583 armorum
523 532 803 601 strepitum
850 545 903 583 et
946 532 1166 584 Pieriam
1212 532 1463 602 quietem,
1509 552 1774 603 quamque
1818 536 2049 590 tenuiter

214 615 352 667 inter
383 617 572 668 Martis
606 617 755 669 tubas
787 617 1048 686 plectrum
1078 631 1228 669 sonet
1259 617 1529 687 Apollinis.
1598 619 1734 678 Quia
1765 639 1887 672 vero
1918 621 2049 673 nihil

139 730 191 769 30
214 702 413 770 patriae
440 722 626 771 negare
653 716 818 772 potes,
849 722 982 772 quae
1010 703 1074 754 de
1102 717 1155 754 te
1181 703 1250 754 sic
1277 703 1331 754 in
1358 723 1484 772 pace
1511 705 1696 756 merita
1724 718 1817 770 est,
1845 719 1907 758 ut
1933 724 2048 759 eam

214 806 308 838 nec
345 787 465 839 belli
502 789 675 840 taedio
710 808 803 840 nec
839 790 1019 841 mortis
1056 803 1252 841 terrore
1287 788 1556 854 desereres,
1590 790 1680 841 sed
1714 790 1896 843 relicto
1930 804 2048 844 tan-

215 873 375 941 tisper
412 874 665 925 Helicone
704 894 760 926 ac
799 875 1104 927 feriantibus
1142 873 1360 939 libellis,
1383 888 1588 926 secutus
1627 895 1675 926 es
1715 875 1912 945 publici
1949 877 2047 930 fati

211 959 364 1023 viam,
397 973 449 1011 et
478 961 611 1028 grati
642 961 762 1013 civis
794 975 846 1012 et
877 961 1001 1013 boni
1034 962 1129 1014 viri
1159 974 1213 1012 et
1243 961 1431 1029 egregii
1461 960 1603 1012 ducis
1634 961 2044 1024 officioffunctus

212 1063 277 1109 οε,
316 1046 389 1096 ita
428 1060 622 1111 tamen,
656 1061 716 1098 ut
755 1062 979 1100 armatus
1001 1066 1198 1123 pacem
1237 1047 1446 1115 cogiteS,
1473 1066 1665 1124 pacem
1690 1067 1857 1114 ¹ameS,
1885 1063 2045 1119 atque

135 1152 186 1194 35
209 1129 281 1180 ita
334 1149 631 1199 persuasum
685 1133 869 1184 habeas
925 1133 1090 1184 nullos
1145 1146 1198 1183 te
1252 1132 1543 1201 triumphos
1597 1132 1849 1200 clariores,
1903 1135 2044 1188 nulla

209 1217 463 1284 opimiora
497 1219 696 1287 patriae
721 1219 883 1288 spolia
910 1202 1100 1280 referre
1135 1237 1281 1286 posse
1315 1236 1472 1286 quam
1499 1236 1697 1287 pacem.
1736 1259 1747 1270 .
1786 1260 1797 1271 .
1836 1260 1848 1271 .
1883 1219 2044 1290 [Even

207 1302 470 1355 Hannibal
502 1305 645 1373 spoke
680 1306 734 1356 in
763 1306 933 1374 preti-se
968 1305 1025 1373 of
1043 1303 1235 1374 peasa]
1305 1304 1449 1362 Quid
1485 1295 1660 1356 affitem
1693 1324 1822 1380 pace
1856 1306 2041 1360 iucun-

209 1386 367 1440 dius?
439 1390 583 1448 Quid
618 1391 816 1442 felicius
846 1395 862 1443 ἲ
936 1390 1079 1450 Quid
1116 1389 1318 1442 dulcius
1349 1393 1365 1441 ἓ
1439 1390 1584 1448 Quid
1618 1410 1741 1442 vero
1772 1392 1883 1462 sine
1914 1412 2066 1463 pace*

207 1474 313 1525 vita
353 1476 645 1542 hominum,
688 1478 784 1528 nisi
824 1477 1115 1546 periculum
1155 1494 1420 1545 pavorque
1460 1490 1742 1545 perpetuus
1783 1497 1841 1529 ac
1882 1467 2040 1532 tristis

134 1586 184 1624 40
208 1578 447 1612 curarum
480 1563 858 1614 immortalium
891 1562 1096 1614 officina
1124 1566 1140 1614 ?
1210 1562 1481 1620 Quaenam
1513 1563 1608 1614 ista
1640 1563 1896 1633 voluptas,
1929 1584 2039 1630 oro,

207 1659 282 1697 est
307 1647 400 1698 sub
428 1648 514 1700 dio
538 1664 863 1718 pernoctare,
891 1649 1096 1700 classico
1128 1666 1370 1699 somnum
1395 1650 1647 1716 frangere,
1674 1668 1857 1718 corpus
1882 1650 2040 1703 lorica

206 1745 379 1801 atque,
423 1749 484 1786 ut
527 1736 598 1787 ait
641 1737 814 1800 Maro,
859 1735 1103 1787 canitiem
1145 1734 1286 1803 galea
1327 1752 1580 1803 premere,
1622 1736 1796 1787 ferreis
1837 1755 2040 1807 semper

203 1818 379 1870 vinclis
410 1806 687 1886 arctatum,
718 1822 850 1873 mori
879 1821 1070 1885 subito,
1102 1834 1155 1871 et
1184 1839 1317 1890 quae
1345 1820 1530 1872 ultima
1558 1821 1789 1873 virorum
1817 1823 2036 1875 fortium

203 1923 323 1956 cura
373 1922 465 1972 est,
515 1909 851 1960 inhumatum
902 1908 1099 1959 abiici?
1187 1908 1341 1960 Iuvat
1390 1907 1620 1959 mordaci
1668 1907 2035 1974 sollicitudine,

127 2012 177 2053 45
203 1991 345 2043 iuvat
378 2007 524 2046 metu
551 2009 604 2046 et
636 1995 760 2046 odio
789 1995 1035 2046 miserum
1068 2013 1156 2045 cor
1188 2007 1428 2058 atterere,
1463 2008 1515 2045 et
1547 1994 1622 2045 his
1654 1991 2033 2057 studiisl'incer-

198 2091 317 2147 tum
368 2074 520 2154 huius
573 2081 897 2135 brevissimae
947 2081 1105 2133 vitae'
1138 2095 1342 2150 tempus
1377 2080 1745 2150 impendere?
1835 2081 2035 2134 Siccine

201 2177 379 2216 tutum
422 2181 496 2218 est
538 2187 659 2219 cum
700 2168 883 2237 pelago
922 2167 1076 2219 simul
1117 2181 1169 2218 et
1211 2186 1331 2219 cum
1372 2167 1520 2218 hoste
1561 2181 1773 2232 certare,
1815 2168 1915 2219 hoc
1956 2182 2033 2220 est

71 836 95 866 ἐ

137 2283 140 2286 Δ
198 2252 403 2318 gemina
430 2254 627 2322 pariter
654 2273 774 2305 cum
802 2267 973 2306 morte
999 2254 1187 2306 luctari
1217 2258 1233 2306 ?

267 2339 439 2391 Nemo
478 2341 633 2405 enim,
674 2359 879 2410 quaeso,
919 2360 1006 2392 vos
1053 2340 1215 2405 fallat,
1256 2359 1377 2392 cum
1427 2340 1702 2409 asperrima
1753 2354 1912 2410 atque
1948 2342 2024 2394 in-

127 2446 177 2485 50
199 2425 489 2489 victissima,
536 2440 589 2477 et
634 2426 777 2496 quod
822 2427 1017 2478 tristius
1064 2426 1197 2490 dico,
1244 2445 1364 2477 curn
1410 2426 1590 2477 Italica
1633 2439 1789 2494 gente
1834 2426 2027 2479 bellum

197 2511 387 2578 geritis.
475 2513 690 2563 Vtinam
735 2513 974 2564 inimicae
1017 2513 1168 2564 urbes
1213 2511 1357 2564 vobis
1402 2525 1566 2562 essent
1612 2512 1892 2564 Damascus
1937 2527 2029 2566 aut

198 2593 338 2660 Susa,
390 2597 592 2648 utinam
642 2598 914 2668 Memphis
965 2598 1139 2667 potius
1191 2611 1282 2649 aut
1334 2583 1568 2666 Smyrna,
1620 2615 1777 2666 quam
1828 2598 2026 2651 Ianua!

195 2681 409 2732 Vtinam
438 2676 680 2735 'adversus
713 2685 884 2735 Persas
924 2697 1014 2735 aut
1047 2683 1258 2748 Arabes,
1294 2683 1496 2735 utinam
1529 2682 1766 2734 adversus
1798 2683 2025 2737 Thracas

196 2781 286 2819 aut
331 2768 559 2837 Illyricos
604 2770 936 2838 pugnaretis!
1018 2770 1174 2820 Nunc
1217 2789 1339 2821 vero
1382 2768 1510 2838 quid
1554 2769 1746 2836 agitis?
1828 2768 1880 2821 Si
1923 2789 2026 2840 qua

122 2865 169 2907 55
196 2855 373 2906 Latini
415 2856 636 2907 nominis
680 2856 967 2907 reverentia
1010 2870 1102 2919 est,
1145 2874 1272 2924 quos
1316 2854 1485 2906 delere
1526 2855 1800 2920 molimini,
1842 2857 2024 2910 {ratres

194 2954 342 3004 sunt3
401 2955 454 2992 et
486 2941 615 2994 heu!
667 2961 772 2992 non
811 2955 1019 2992 tantum
1057 2941 1197 3010 apud
1231 2941 1437 2992 Thebas
1469 2942 1725 2992 fraternae
1757 2917 2024 3006 ειςιῒὲῗῗά

194 3045 285 3095 per
349 3026 555 3078 Italiam
618 3027 966 3091 instruuntur,
1030 3028 1202 3079 amicis
1265 3026 1452 3091 flebile,
1513 3026 1710 3079 laetum
1786 3026 2020 3080 hostibus

191 3112 560 3181 spectaculum.
624 3113 751 3171 Quis
795 3127 971 3164 autem
1015 3113 1135 3164 belli
1182 3114 1313 3178 finis,
1360 3113 1469 3177 ubi,
1515 3132 1603 3164 seu
1648 3113 1867 3165 victores
1905 3114 2019 3165 fue-

191 3200 318 3264 ritis,
358 3219 444 3251 seu
493 3199 621 3251 victi
662 3201 865 3268 (anceps
916 3213 991 3251 est
1040 3200 1179 3251 enim
1228 3199 1335 3251 alea
1382 3199 1662 3266 fortunae),
1705 3217 1905 3251 necesse
1941 3213 2018 3251 est
