2242 3600
800 171 1159 224 VRBANO
1212 171 1261 223 V
1768 172 1773 178 ·
1890 174 1981 240 185

145 308 323 356 autem
360 322 467 356 non
511 304 637 356 haec
677 303 783 355 duo
821 317 1049 366 tantum,
1089 321 1223 371 quae
1262 317 1390 354 tunc
1434 302 1682 370 temporis
1728 299 1985 351 habebam

143 408 341 459 quaeve
369 410 508 442 nunc
536 390 721 455 habeo,
749 389 839 441 sed
865 388 952 440 illa
980 406 1192 458 quoque
1221 407 1354 457 quae
1382 401 1506 439 ante
1530 386 1748 455 longum
1778 400 1986 455 tempus

144 476 319 528 amicis
341 478 613 546 egentibus
639 490 827 546 sponte
853 493 1218 527 concesseram.
1291 475 1378 540 Et,
1397 473 1542 544 quod
1563 473 1738 537 mirer,
1757 473 1852 524 nisi
1876 486 1986 524 tam

135 574 386 632 *praeceps
419 576 473 614 et
507 576 615 614 tam
649 581 797 614 caeca
829 560 1087 631 cupiditas
1118 560 1204 625 sit,
1236 559 1323 612 illa
1356 560 1515 612 etiam
1548 578 1682 629 quae
1714 577 1986 629 nunquam
2007 573 2058 613 60

143 647 322 714 habui,
353 648 494 700 unde
523 649 777 700 effectum·
802 661 863 699 ut
891 647 989 699 illis
1020 645 1211 699 cuncta
1241 646 1576 698 miscentibus
1607 644 1987 715 complusculos

145 734 251 786 dies
284 748 398 787 tota
429 735 570 787 curia
596 734 754 805 bullis
788 733 1139 787 inefficacibus
1168 733 1412 807 ebulliret
1440 774 1452 786 .
1484 774 1496 786 .
1526 774 1538 785 .
1609 732 1714 803 [He
1748 733 1990 801 imagines

146 821 226 872 the
257 841 389 874 same
424 822 564 890 thing
595 822 640 874 is
671 821 953 890 happening
985 840 1106 887 now,
1125 821 1216 890 for
1240 822 1450 883 ,avarice
1483 822 1724 873 increases
1755 819 1877 871 with
1910 818 1991 871 old

145 907 276 978 age-J

213 993 466 1047 Redivivo
501 1014 621 1047 sane
656 994 797 1047 idem
835 995 982 1061 mihi,
1020 996 1113 1066 qui
1149 1009 1272 1048 ante
1307 1013 1482 1047 casum
1518 997 1707 1059 fuerat,
1745 993 1989 1046 veniendi
2010 1011 2060 1060 65

146 1080 212 1131 ad
258 1080 416 1151 pedes
467 1095 582 1133 tuos
633 1096 743 1134 erat
793 1082 1012 1147 animus,
1064 1101 1159 1134 nec
1209 1101 1294 1133 me
1343 1081 1613 1133 terrebant
1663 1080 1990 1132 medicorum

145 1168 317 1219 minae
341 1187 445 1220 una
468 1188 596 1221 voce
621 1168 947 1221 firmantium
973 1169 1118 1221 nullo
1139 1168 1299 1220 modo
1324 1168 1503 1222 vivum
1530 1187 1614 1219 me
1642 1168 1864 1219 Romam
1886 1187 1990 1220 esse

144 1268 446 1307 venturum.
518 1256 766 1315 Quamvis
802 1255 858 1308 in
892 1255 992 1308 hoc
1028 1274 1150 1307 cum
1183 1256 1244 1307 iis
1279 1254 1433 1325 plane
1466 1255 1733 1320 sentirem,
1770 1253 1916 1324 quod
1948 1255 1990 1306 si

146 1360 231 1393 me
276 1342 332 1393 in
375 1341 493 1394 loco
540 1342 716 1412 aliquo
763 1342 968 1395 deserto
1014 1362 1155 1395 casus
1202 1341 1290 1394 ille
1335 1341 1593 1395 violentus
1642 1361 1699 1393 ac
1748 1340 1991 1392 terribilis

144 1425 425 1491 invasisset,
467 1440 645 1493 actum
685 1440 795 1478 erat
837 1426 902 1478 de
940 1445 1041 1491 me,
1119 1425 1402 1496 Sperabam
1444 1439 1623 1477 tamen
1661 1443 1808 1495 posse
1846 1425 1991 1477 vivus
2014 1447 2063 1487 70

146 1509 434 1579 pervenire,
484 1508 589 1561 illic
646 1523 824 1562 autem
881 1528 1055 1575 omne,
1107 1509 1483 1579 quodcumque
1534 1508 1664 1560 mihi
1720 1508 1991 1574 evenisset,

124 1595 271 1652 ,felix
306 1597 645 1667 faustumque
682 1596 972 1662 censebam,
1013 1610 1130 1648 tum
1167 1596 1291 1666 quia
1328 1595 1629 1648 benedictio
1667 1609 1758 1647 tua
1796 1594 1926 1646 mihi
1964 1615 1992 1647 e

145 1702 364 1753 corpore
389 1683 488 1735 hoc
520 1683 767 1752 migranti
800 1702 907 1735 non
943 1683 1206 1749 defuisset,
1234 1697 1296 1736 ut
1325 1702 1494 1753 sper0,
1524 1696 1640 1734 tum
1667 1682 1806 1752 quia,
1835 1681 1989 1751 quid-

146 1769 278 1840 quid
321 1769 603 1822 cardinales
650 1771 729 1822 tui
776 1770 971 1836 dicant,
1019 1784 1080 1822 ut
1124 1770 1256 1822 libet
1300 1769 1571 1835 irrideant,
1618 1769 1870 1840 quodque
1915 1783 1993 1821 est

147 1852 330 1905 odium
380 1853 629 1906 simulent
682 1867 1072 1924 contemptum,
1126 1853 1295 1905 Roma
1356 1853 1540 1923 procul
1604 1853 1767 1905 dubio
1822 1872 1990 1906 sacro·
2017 1871 2066 1912 75

145 1941 492 1993 sanctissimus
530 1940 717 1993 mundi
747 1940 889 1993 locus
925 1954 1020 2006 est,
1056 1940 1148 1992 ubi
1184 1940 1510 1993 Christianus
1546 1959 1694 1993 verus
1731 1954 1785 1992 et
1819 1940 1993 1992 vivere

126 2038 300 2097 'optet
328 2038 389 2076 et
423 2025 573 2077 mori.
644 2024 789 2084 Quid
823 2043 908 2076 me
941 2043 1064 2094 ergo
1104 2023 1309 2076 detinet
1337 2028 1354 2076 ?
1426 2024 1553 2076 Non
1587 2023 1764 2088 timor,
1800 2023 1993 2088 hercle,

144 2110 238 2163 sed
279 2110 534 2179 debilitas,
578 2130 711 2182 quae
753 2125 901 2164 tanta
942 2125 1019 2163 est
1059 2124 1121 2163 ut
1162 2130 1270 2163 non
1310 2111 1469 2180 magis
1509 2110 1784 2162 Patavium
1825 2109 1995 2162 redire

149 2181 564 2269 quanTRomam
597 2198 738 2251 adire
769 2199 1072 2270 potuissem,
1106 2198 1201 2250 nisi
1233 2197 1379 2268 quod
1396 2198 1615 2274 {1}„,.11²Vi
1639 2197 1828 2269 *iacens--
1845 2196 1995 2261 redii,

149 2286 242 2340 ubi
271 2301 326 2339 et
356 2286 572 2338 domino
612 2300 665 2338 et
704 2287 849 2339 omni
887 2285 1086 2356 populo
1123 2285 1328 2356 stupori
1367 2298 1420 2337 et
1458 2283 1650 2354 gaudio
1690 2283 1862 2336 multo
1899 2283 1994 2348 fui,
2018 2301 2070 2338 80

150 2374 226 2427 ita
260 2393 345 2426 me
378 2373 735 2444 spectantibus
771 2387 833 2426 ut
868 2373 1138 2425 hominem
1174 2392 1202 2424 a
1237 2372 1456 2424 mortuis
1492 2371 1820 2424 redeuntem.
1892 2371 1995 2422 Hic

151 2480 286 2527 sum,
343 2475 493 2531 pater
556 2460 867 2525 beatissime,
925 2479 1033 2512 non
1094 2460 1330 2512 infirmus
1394 2458 1573 2524 modo,
1635 2457 1726 2511 sed
1770 2471 1994 2510 maestus

153 2567 383 2618 quoque,
415 2548 537 2618 quia
566 2548 989 2601 honestissimum
1021 2546 1334 2599 desiderium
1374 2564 1552 2598 meum
1582 2558 1789 2615 sperato
1828 2545 1996 2597 caruit

154 2635 366 2700 effectu,
393 2633 644 2704 quodque
675 2634 941 2705 optimum
963 2633 1214 2686 moliebar
1236 2632 1445 2703 impleri
1481 2652 1588 2684 non
1617 2632 1786 2684 licuit.
1848 2630 1998 2683 Nihil

157 2736 336 2774 tamen
381 2721 511 2772 mihi
555 2721 786 2773 conscius
827 2721 923 2772 hac
963 2721 1020 2771 in
1061 2739 1116 2772 re
1149 2720 1268 2786 feci,
1314 2719 1588 2772 Christum
1630 2732 1810 2783 testor,
1853 2717 1999 2788 quod
2020 2739 2070 2788 85

155 2808 212 2860 in
250 2827 337 2859 me
375 2808 497 2872 fuit,
538 2821 591 2860 et
628 2827 780 2878 saepe
818 2826 1026 2859 mecum
1067 2807 1123 2858 in
1161 2806 1370 2858 silentio
1410 2806 1715 2875 recogitans,
1755 2805 1829 2856 ita
1868 2804 1999 2855 mihi

158 2894 399 2947 accidisse
448 2893 615 2946 doleo,
700 2894 873 2946 Miror
922 2908 1099 2946 autem
1149 2893 1382 2959 minime,
1432 2911 1637 2945 causam
1687 2892 1827 2943 enim
1874 2891 1997 2944 scio·

159 2982 285 3033 Non
314 3000 455 3033 eram
474 2980 680 3055 ‘dignus
713 2994 766 3033 te
795 2980 987 3033 videre.
1053 2980 1181 3032 Tibi
1209 3000 1351 3045 vero,
1382 2979 1802 3032 Christianorum
1832 2990 1999 3047 pater,

159 3087 377 3138 corpore
416 3082 576 3138 atque
614 3068 789 3119 animo
831 3086 970 3119 nunc
1010 3067 1216 3132 affusuS,
1254 3066 1510 3137 suppHoe,
1550 3080 1612 3118 ut
1653 3064 2000 3135 impotentiae

161 3175 307 3208 meae
345 3174 538 3226 parcas,
575 3173 766 3224 meque
803 3154 942 3206 inter
981 3153 1193 3205 ultimos
1231 3172 1400 3207 servos
1441 3171 1715 3204 numerare
1755 3149 2001 3219 digneriS,
2023 3175 2075 3215 90

162 3245 396 3314 quamvis
426 3242 669 3295 inutilem
698 3256 752 3294 et
780 3243 1040 3311 ignotum.
1107 3242 1156 3293 Is
1185 3242 1278 3311 qui
1305 3255 1358 3293 te
1384 3241 1491 3311 Ipsi
1516 3240 1767 3293 vicarium
1792 3238 1920 3307 legit
1946 3238 2002 3290 in
