2242 3600
459 213 1015 268 SANCTORVM
1071 200 1739 266 APOSTOLORVM
1950 228 2018 281 99

373 462 425 520 F
425 463 676 522 rancisco
705 462 901 521 Priori
928 461 1023 520 SS.
1055 461 1465 541 Apostolorum.
1540 460 1596 519 V
1597 482 1684 519 ar.
1718 457 1813 536 56.

238 595 512 668 [Solebant
539 598 763 649 Romani
788 595 1018 650 consules
1051 638 1063 649 .
1099 637 1111 649 .
1147 595 1184 667 .]
1250 596 1355 667 [He
1375 598 1515 665 gives
1539 615 1606 648 an
1631 608 1834 648 account
1858 598 1907 665 oj
1935 595 2015 647 the

172 685 187 709 ‘
209 684 391 753 Legati
412 686 425 708 ’
459 685 615 736 under
648 684 727 736 the
758 685 949 735 Roman
980 683 1236 754 Republic.
1310 684 1414 736 The
1445 702 1587 736 name
1619 683 1664 735 is
1698 682 1870 753 to-day
1904 701 2014 735 con-

175 770 307 825 fined
337 784 382 823 to
414 771 493 823 the
521 770 856 823 ambassadors
883 769 942 840 of
963 770 1043 822 the
1071 769 1267 841 Popes.]

241 857 339 909 His
374 871 497 909 ante
532 856 862 926 propositum
899 855 1123 908 decursis
1159 855 1224 908 ad
1260 875 1371 909 rem
1409 856 1579 910 venio,
1652 855 1880 924 Legatus
1917 856 2017 908 iste

174 943 240 996 de
277 943 457 1008 latere,
497 944 589 1013 qui
628 943 732 995 iam
771 941 905 994 solus
945 941 1147 994 mundo
1186 943 1423 1013 patiente
1462 961 1656 1014 nomen
1695 942 1795 994 hoc
1834 941 2014 1007 habet,
2036 955 2060 998 5

172 1048 324 1082 xv111.
356 1028 618 1081 Kalendas
643 1027 890 1080 Octobris
925 1027 1293 1081 Mediolanum
1310 1029 1478 1081 'obvio
1505 1028 1721 1080 domino
1747 1042 1801 1080 et
1828 1046 2015 1097 magna

171 1117 477 1170 celebritate
511 1117 694 1188 populi
729 1118 949 1170 faventis
985 1118 1235 1186 ingressus
1271 1131 1364 1169 est.
1436 1115 1540 1169 Cui
1574 1135 1670 1185 ego
1704 1115 1877 1167 nescio
1910 1133 2014 1186 qua

170 1205 301 1256 recti
326 1205 630 1256 confusione
653 1203 852 1269 iudicii,
879 1218 940 1256 ut
966 1222 1051 1256 me
1075 1203 1336 1256 urbanum
1361 1201 1710 1267 ostenderem,
1736 1200 1882 1272 quod
1906 1220 2013 1254 non

147 1287 303 1355 sum,
343 1309 437 1342 nec
483 1309 587 1342 esse
632 1289 806 1356 velim,
847 1309 1018 1361 neque
1058 1290 1099 1341 si
1136 1290 1293 1343 velim
1340 1304 1526 1342 natura
1563 1289 1840 1359 permittet
1879 1306 2011 1353 mea,

112 1430 118 1435 ,
170 1395 489 1447 praegressus
531 1376 654 1428 alios
688 1376 956 1428 Ticinensi
993 1390 1146 1447 porta
1182 1376 1248 1428 ad
1283 1375 1572 1428 secundum
1608 1376 1747 1427 forte
1782 1373 2012 1444 lapidem
2039 1387 2084 1415 ¹0

170 1482 461 1529 occurrenS,
508 1463 687 1528 didici,
731 1463 773 1515 si
818 1482 925 1515 non
970 1477 1122 1515 antea
1167 1461 1477 1527 didicissem,
1523 1480 1682 1532 quam
1725 1461 1792 1513 sit
1838 1479 2012 1513 rerum

171 1550 490 1604 naturalium
534 1549 726 1619 fragilis
772 1568 829 1601 ac
873 1548 1101 1602 lubricus
1146 1562 1326 1601 status.
1408 1547 1548 1601 Cum
1593 1548 1733 1600 enim
1777 1542 2013 1617 ingentes

171 1636 397 1707 pulveris
433 1636 596 1706 globi,
634 1650 878 1688 rotarum
907 1634 1508 1706 atquequadrupedum
1546 1634 1832 1704 agitatione
1867 1652 2012 1686 com-

172 1724 323 1788 moti,
350 1725 493 1776 fusca
522 1722 664 1776 nube
688 1722 895 1775 coelum
924 1721 1192 1792 solemque
1221 1721 1483 1786 texissent,
1511 1735 1795 1792 conspectu
1824 1735 2014 1774 mutuo

174 1822 374 1880 erepte,
422 1822 606 1860 contra
653 1826 853 1860 morem
900 1826 1096 1873 meum,
1143 1822 1204 1860 ut
1251 1825 1336 1860 me
1381 1806 1545 1860 malus
1591 1806 1806 1860 abstulit
1853 1826 2014 1874 error,
2041 1822 2085 1864 ¹5

165 1895 448 1972 Qfsilss
474 1894 702 1947 mediam
729 1895 1025 1972 cohortem.-
1083 1893 1156 1947 At
1183 1894 1268 1947 vix
1295 1893 1417 1947 data
1443 1908 1496 1946 et
1523 1893 1729 1946 reddita
1753 1892 1919 1946 salute
1943 1894 2015 1947 sic

173 1980 340 2052 pulvis
381 1981 620 2034 omnium
662 1983 834 2034 fauces
875 1995 930 2034 et
971 2000 1058 2033 ora
1101 1981 1471 2052 compleverat,
1514 1980 1826 2051 aridumque
1866 2000 2014 2052 prae-

172 2067 393 2120 cluserat
444 2069 582 2121 vocis
633 2069 751 2134 iter,
792 2068 920 2121 dum
974 2087 1059 2120 me
1111 2068 1481 2138 recolligerem,
1522 2083 1583 2121 ut
1635 2082 1689 2120 et
1740 2067 1848 2120 aliis
1896 2087 2013 2139 par-

174 2172 346 2206 cerem
376 2169 430 2207 et
461 2155 608 2221 mihi,
637 2174 800 2226 equus
831 2174 939 2225 quo
968 2155 1194 2208 vehebat
1224 2169 1278 2207 et
1308 2155 1417 2226 ipse
1445 2154 1606 2208 oculis
1637 2168 1838 2225 captu8‚
1869 2170 2013 2226 post-

175 2242 433 2312 remisque
470 2241 691 2312 pedibus
729 2242 785 2294 in
822 2241 1107 2312 praealtam
1146 2242 1291 2294 iuxta
1337 2242 1474 2295 viam
1520 2243 1725 2295 foveam
1771 2241 2014 2313 dilapsus,
2037 2260 2089 2290 20

177 2345 355 2380 omnes
398 2329 490 2399 qui
533 2328 749 2381 aderant
792 2342 941 2382 metu
983 2342 1037 2381 et
1079 2328 1294 2380 horrore
1335 2327 1637 2398 complevit,
1680 2343 1888 2399 praeter
1929 2348 2016 2383 me

177 2433 361 2480 unum,
402 2416 495 2486 qui
544 2415 676 2486 quid
726 2433 934 2467 mecum
986 2428 1225 2485 ageretur
1275 2415 1599 2479 nesciebam3
1652 2429 1800 2468 tanta
1850 2415 2016 2486 caligo

180 2499 454 2570 pulvereae
498 2501 664 2554 noctis
709 2502 1000 2566 incesserat,
1046 2520 1109 2554 eo
1152 2501 1283 2554 mihi
1327 2501 1593 2554 molestior
1637 2501 1782 2572 quod
1827 2522 1855 2556 a
1899 2502 2016 2556 luce

175 2587 430 2640 venientis
454 2587 591 2640 oculi
616 2602 738 2640 sunt
764 2587 820 2639 in
846 2587 1071 2640 tenebris
1097 2587 1360 2658 pigriores.

243 2673 316 2726 At
359 2693 482 2726 vero
523 2673 610 2726 ille
652 2675 1010 2744 magnanimus
1055 2674 1363 2741 adolescenS,
1408 2693 1585 2746 quem,
1630 2676 1726 2728 nisi
1770 2691 2011 2747 coeptam
2036 2691 2086 2733 ²5

173 2760 551 2813 successionum
588 2760 746 2813 telam
787 2762 895 2813 fata
932 2760 1298 2831 praeciderint,
1336 2761 1628 2814 Mediolani
1663 2761 2013 2834 Liguriaeque

177 2846 317 2901 dives
349 2861 614 2917 exspectat
654 2847 960 2913 haereditaS,
992 2862 1047 2900 et
1087 2866 1211 2919 qu0,
1244 2848 1339 2900 nisi
1378 2848 1633 2901 iudicium
1673 2867 1819 2902 amor
1857 2850 2010 2916 fallit,

104 2945 106 2947 ’
178 2934 317 2986 inter
356 2933 564 2986 iuvenes
604 2935 898 2986 fortunatos
939 2933 1109 2986 nullus
1148 2949 1224 2987 est
1265 2934 1464 2999 melior,
1506 2934 1674 2987 nullus
1715 2935 2010 3000 humanior,

184 3034 306 3072 ante
332 3019 454 3072 alios
481 3038 565 3088 me
591 3021 803 3072 nomine
828 3019 1125 3086 inclamanS,
1153 3035 1214 3073 ut
1240 3039 1475 3074 caverem
1503 3020 1836 3074 admonebat.
1899 3022 2011 3091 Ego

176 3107 381 3176 ignarus
422 3120 475 3158 et
516 3105 629 3177 plus
670 3108 838 3159 fateor
878 3106 1102 3158 clamore
1140 3108 1378 3160 omnium
1419 3126 1578 3178 quam
1618 3107 1850 3178 periculo
1891 3126 2010 3160 meo
2032 3119 2090 3160 30

179 3207 370 3258 motu8‚
417 3211 523 3244 non
566 3193 707 3263 prius
753 3192 985 3245 intellexi
1028 3192 1159 3263 quid
1202 3194 1275 3245 rei
1320 3208 1466 3259 esset,
1511 3212 1671 3264 quam
1699 3193 1844 3269 {01³⁵
1885 3195 2010 3264 equi

183 3279 431 3333 auriculas
486 3277 1205 3356 CXS-{antesffvfflequg*densis
1244 3280 1484 3351 vepribus
1538 3270 1846 3351 oppressum?
1880 3278 2016 3340 vidi}

1048 3385 1084 3420 Η
1111 3382 1142 3418 2
