2242 3600
581 175 986 232 THOMAE
1035 178 1653 232 MESSANENSI
1982 197 2038 236 11

193 300 462 355 obstinato
477 303 687 357 silentio
706 306 973 360 satisfecit.
1038 308 1123 361 Ita
1143 308 1274 361 mihi
1293 308 1472 362 Thule
1491 309 1722 362 amicitia
1742 310 2043 362 Britannica

194 388 326 440 nihil
353 391 533 442 notior
556 394 696 444 facta
723 407 817 445 est.

260 474 384 528 Post
412 496 572 530 annos
602 499 726 531 vero
754 480 900 532 venit
929 481 985 533 in
1013 500 1195 534 manus
1226 502 1363 535 meas
1390 483 1596 535 libeHus
1622 482 1691 543 de
1719 482 2045 535 mirabilibus
2066 497 2115 538 35

192 560 479 615 Hiberniae
529 585 557 616 a
607 566 829 618 Giraldo
878 567 1109 637 quodam
1161 570 1330 621 aulico
1380 570 1598 621 Henrici
1646 569 1863 621 secundi
1913 570 2044 638 regis

191 647 503 717 Anglorum,
536 651 661 704 licet
696 654 843 705 tenui
877 673 1051 706 rerum
1084 655 1222 720 stilo,
1257 675 1365 708 non
1397 656 1517 708 rudi
1551 670 1730 708 tamen
1761 655 2044 708 verborum

191 749 305 787 arte
342 751 638 803 contextuS,
680 758 839 809 quem
881 760 947 792 ne
988 751 1169 794 totum·
1207 742 1559 795 bibliothecae
1597 757 1805 795 nostrae
1843 742 2045 795 foribus

191 822 541 889 excluderem,
588 825 755 878 brevis
801 828 1059 898 quaedam
1101 829 1258 899 ipsius
1301 830 1558 899 particula
1598 830 1912 900 promeruit,
1953 828 2046 881 ubi

192 908 259 961 de
297 910 394 961 hac
431 911 614 964 eadem
651 913 1062 967 insula‘nostrae
1098 916 1275 968 similis
1314 931 1367 968 et
1404 937 1620 987 operosa
1657 916 1926 969 dubitatio
1962 916 2043 967 in—
2068 934 2118 970 40

190 1010 327 1048 serta
374 998 457 1050 sit.
537 999 729 1070 Itaque
770 1001 1062 1054 similitudo
1106 1023 1209 1054 una
1251 1004 1448 1072 ingenii
1491 1004 1622 1055 mihi
1667 1004 1831 1056 totius
1866 1003 2044 1072 ‘operis

190 1085 583 1138 commendavit
635 1102 922 1141 auctorem.
1002 1090 1225 1160 Aliquot
1275 1091 1348 1142 ibi
1393 1091 1710 1161 scriptorum
1761 1090 2046 1142 sententias

0 1171 427 1246 oimsgfflff-:ttissgiss
482 1173 628 1243 quod
681 1175 968 1228 insularum
1029 1177 1245 1242 Oceani,
1310 1197 1445 1248 quae
1503 1178 1639 1230 circa
1698 1177 2045 1241 Britanniam,

190 1277 390 1328 quaeve
415 1260 556 1312 inter
582 1261 785 1313 Arcton
813 1276 867 1314 et
894 1282 1133 1316 occasum
1161 1278 1303 1329 sunt,
1326 1278 1560 1317 extrema
1585 1265 1653 1316 sit
1679 1264 1874 1317 Thule.
1941 1263 2046 1316 Vbi

190 1346 385 1398 aestivo
430 1347 572 1399 nulla
617 1367 737 1414 nox,
785 1349 1009 1402 brumali
1054 1366 1239 1403 contra
1281 1351 1506 1404 solstitio
1550 1352 1693 1404 nulla
1737 1351 1862 1416 dies,
1908 1351 2048 1403 ultra
2068 1367 2121 1407 45

189 1452 349 1503 quam
380 1434 591 1503 pigrum
624 1450 786 1506 atque
818 1452 1126 1490 concretum
1158 1438 1324 1490 iaceat
1356 1457 1500 1491 mare
1533 1480 1545 1491 .
1581 1480 1593 1491 .
1630 1481 1642 1491 .
1704 1437 1788 1508 [P.
1818 1438 1944 1490 adds
1969 1438 2049 1490 his

118 1519 125 1525 '
188 1519 493 1573 recollection
513 1522 570 1591 of
580 1523 716 1575 what
739 1524 818 1575 the
838 1525 1030 1576 Roman
1045 1525 1370 1595 geographers
1389 1525 1516 1577 have
1535 1526 1651 1578 said
1669 1525 1726 1595 of
1740 1525 1819 1578 the
1840 1523 2049 1595 island]

188 1604 334 1658 Vale.
406 1606 563 1678 [1333
595 1609 641 1680 ἓ]
1846 1607 1849 1610 ’

428 1821 483 1879 V
486 1819 692 1880 mberto
722 1821 947 1900 Delfino
983 1822 1315 1882 Viennensi.
1388 1823 1554 1882 Fam.
1587 1824 1669 1899 iii.
1709 1843 1797 1883 10.

294 1944 458 1997 IDES
496 1947 767 1998 silentium
819 1947 1182 2016 interrumpit,
1219 1947 1403 1999 caritas
1454 1947 1601 2018 loqui
1647 1949 1825 2017 cogit3
1884 1963 2047 2001 testor

293 2032 585 2098 Christum,
628 2047 837 2086 coactus
878 2033 944 2085 ad
994 2033 1330 2086 scribendum
1376 2035 1548 2099 venio,
1590 2054 1725 2105 quae
1761 2025 1809 2087 'si
1862 2035 2048 2088 eodem

191 2119 367 2171 animo
404 2120 542 2173 lecta
580 2121 780 2173 fuerint
815 2141 923 2192 quo
950 2121 1255 2173 scribuntur
1294 2136 1550 2191 poterunt
1580 2136 1634 2174 et
1663 2122 1794 2174 mihi
1824 2122 1966 2192 apud
1996 2137 2050 2175 te

191 2204 602 2259 benivolentiam
643 2228 833 2277 augere
873 2223 926 2260 et
968 2208 1067 2261 tibi
1097 2209 1317 2278 gloriam
1349 2208 1491 2278 apud
1528 2224 1728 2278 gentes.
1797 2211 2046 2270 Quonam

191 2292 331 2343 enim
360 2293 521 2345 modo
549 2293 872 2346 dissimulare
897 2313 1126 2364 possum,
1149 2294 1189 2346 si
1217 2314 1324 2346 non
1351 2294 1539 2346 falsum
1569 2295 1831 2347 amicitiae
1853 2314 2048 2347 nomen
2070 2318 2092 2359 5

188 2399 331 2448 ger0,
365 2381 496 2451 quin
530 2395 583 2433 te
615 2381 814 2450 magnis
847 2381 1088 2451 periculis
1122 2381 1545 2434 circumventum
1578 2382 1661 2434 vel
1694 2381 2048 2434 dormientem

191 2467 433 2533 excitem,
467 2468 550 2520 vel
583 2469 1051 2522 commonefaciam
1085 2469 1390 2538 vigilantem
1421 2473 1438 2522 ?
1507 2469 1666 2522 Vides
1699 2489 1860 2540 quam
1893 2489 2050 2539 grave

190 2553 388 2606 bellum
427 2555 566 2608 inter
602 2555 819 2608 Gallum
860 2556 1284 2626 Britannumque
1322 2576 1463 2626 reges
1502 2557 1703 2621 oritur3
1746 2556 1888 2609 nulla
1925 2575 2048 2626 pro-

190 2640 276 2692 cul
314 2640 479 2693 dubio
519 2656 667 2694 tanta
705 2663 782 2695 res
822 2642 886 2694 ab
926 2661 1143 2695 avorum
1183 2657 1483 2695 nostrorum
1524 2643 1870 2714 temporibus,
1908 2658 2051 2695 certe

191 2746 287 2779 nec
333 2728 398 2779 ab
445 2730 606 2782 atavis
652 2749 990 2800 proavorum,
1030 2730 1087 2781 in
1131 2730 1374 2800 Europae
1419 2730 1611 2782 finibus
1653 2730 1916 2800 apparuit,
1958 2745 2050 2782 aut
2075 2757 2121 2784 10

191 2829 300 2867 tam
340 2815 475 2868 latus
514 2816 709 2886 gloriae
749 2836 962 2887 campus
1003 2816 1230 2869 fortibus
1269 2817 1390 2869 viris
1430 2817 1637 2870 oblatus
1679 2832 1774 2870 est.
1850 2818 2049 2870 Cuncti

190 2921 332 2971 reges
385 2922 443 2954 ac
494 2904 679 2974 populi
731 2904 962 2974 suspensi
1014 2903 1080 2955 ad
1134 2917 1314 2956 tantae
1365 2904 1722 2957 contentionis
1775 2919 2049 2968 eventum,

189 2989 471 3059 praecipue
505 2991 598 3061 qui
635 2991 699 3043 ab
736 2991 959 3061 Alpibus
996 2990 1181 3042 Italiae
1217 2990 1283 3042 ad
1319 2990 1593 3043 Oceanum
1630 2991 1890 3055 incolunt,
1918 3010 2048 3061 quos

189 3076 370 3145 ingens
399 3077 557 3129 vicini
588 3078 850 3130 tumultus
880 3077 1072 3129 excivit
1100 3079 1291 3146 fragor,
1321 3078 1378 3129 in
1407 3079 1560 3130 armis
1589 3093 1730 3130 sunt.
1794 3072 1884 3130 Tu
1913 3077 2048 3130 solus

192 3150 345 3215 tanto
394 3163 490 3215 sub
545 3165 758 3217 turbine
810 3164 1061 3224 dormis}
1108 3163 1192 3216 Te
1243 3164 1460 3235 quidem
1511 3165 1799 3234 Virgiliana
1849 3164 2048 3234 Premit
2074 3188 2119 3229 15

190 3250 482 3320 increpatio
514 3265 569 3303 et
602 3251 701 3303 tibi
734 3252 880 3304 coelo
912 3251 1092 3303 missus
1126 3252 1342 3304 nuntius
1376 3251 1669 3305 exclamat:
1724 3253 1738 3276 ‘
1761 3252 1914 3304 Potes
1947 3251 2048 3303 hoc
