2242 3600
469 193 1027 246 SANCTORVM
1083 189 1753 244 APOSTOLORVM
1965 193 2032 259 89

254 324 399 383 Quid
441 324 507 376 de
546 324 796 396 vestibus,
838 321 969 392 quid
1011 320 1076 372 de
1108 320 1297 397 galceis
1338 320 1569 390 loquar?
1647 318 1866 370 Mutata
1905 331 2028 369 sunt

185 411 377 462 omnia.
437 412 489 462 N
493 397 670 463 on'ille
689 428 833 461 meus
854 408 1082 471 habituS,
1105 425 1269 470 meus,
1289 407 1524 477 inquam,
1546 418 1765 476 propter
1785 404 2028 456 eximiam

185 497 492 562 vanitatem,
532 516 651 567 qua,
690 496 842 559 salva,
882 495 937 545 ni
974 493 1141 557 fallor,
1180 493 1456 544 honestate
1492 506 1547 544 et
1585 491 1772 543 decore
1807 504 2028 555 servato,

185 584 324 635 inter
362 603 507 653 pares
542 583 668 634 olim
703 581 932 651 conspici
967 579 1120 631 dulce
1153 580 1274 631 fuit.
1363 578 1661 648 Agricolam
1695 596 1780 628 me
1814 596 1902 629 seu
1937 596 2028 646 pa·
2054 592 2101 642 65

185 684 380 721 storem
426 670 629 734 dixeris,
674 687 796 720 cum
841 681 1019 718 tamen
1064 665 1235 717 adhuc
1278 680 1333 717 et
1376 666 1530 718 vestis
1575 664 1880 734 exquisitior
1924 682 2031 714 non

189 756 338 821 desit,
367 771 420 808 et
447 755 640 808 mutati
666 754 875 806 habitus
903 752 1045 804 nulla
1069 753 1136 804 sit
1163 771 1329 817 causa,
1358 752 1454 804 nisi
1480 752 1603 821 quia
1629 749 1773 821 quod
1799 750 2031 820 primum

187 844 402 914 placuit,
440 844 671 913 primum
706 840 898 893 sordet.
974 836 1156 891 Soluta
1189 853 1313 890 sunt
1349 838 1538 908 quibus
1573 837 1770 907 ligabar
1805 836 2029 900 vincula,

188 930 451 1000 clausique
492 929 681 999 quibus
721 927 924 998 placere
963 926 1240 996 cupiebam
1282 925 1453 989 oculi3
1506 939 1560 976 et
1601 938 1753 994 puto,
1780 924 1821 975 si
1863 924 2031 994 aperti

189 1031 372 1082 essent,
413 1016 570 1067 hodie
608 1015 822 1067 solitum
862 1015 916 1065 in
956 1033 1041 1064 me
1079 1013 1360 1082 imperium
1400 1031 1508 1064 non
1546 1011 1818 1063 haberent.
1894 1010 2031 1062 Meis
2058 1031 2105 1070 70

189 1118 366 1156 autem
392 1103 552 1155 oculis
578 1102 723 1154 nullo
747 1101 907 1153 modo
933 1100 1092 1169 magis
1117 1099 1298 1170 placeo
1322 1117 1482 1170 quam
1506 1098 1704 1150 solutus
1731 1117 1789 1149 ac
1811 1097 1962 1149 liber.

259 1190 404 1250 Quid
433 1190 498 1241 de
525 1188 826 1241 habitaculo
857 1188 1076 1239 dixerim
1105 1190 1121 1238 ?
1189 1185 1406 1238 Catonis
1436 1198 1527 1237 aut
1558 1184 1784 1235 Fabricii
1813 1183 2033 1236 domum

189 1288 359 1345 putes,
403 1273 494 1326 ubi
509 1253 655 1325 {um
697 1292 822 1324 cane
863 1272 1019 1336 unico
1059 1284 1113 1321 et
1155 1269 1358 1321 duobus
1400 1283 1578 1320 tamen
1617 1268 1772 1319 servis
1812 1267 2031 1332 habit03

116 1413 122 1419 ,
191 1375 389 1413 ceteros
420 1362 475 1412 in
506 1360 658 1411 Italia
689 1358 860 1410 dimisi
890 1376 1084 1409 omnes.
1152 1355 1368 1407 Vtinam
1403 1355 1459 1406 in
1498 1355 1579 1407 via
1616 1354 1937 1419 dimisissem,
1969 1353 2035 1405 ad

192 1467 277 1499 me
337 1465 609 1517 nunquam
669 1445 947 1508 redituros,
1009 1462 1154 1494 meae
1215 1442 1404 1512 quietis
1466 1442 1674 1493 unicam
1733 1440 2033 1510 procellam.
2061 1460 2106 1501 75

190 1533 405 1586 Villicus
434 1546 612 1585 autem
641 1532 945 1600 contiguam
972 1530 1132 1581 habet
1160 1529 1396 1593 domum,
1426 1528 1556 1579 mihi
1581 1546 1785 1597 semper
1811 1541 2035 1598 praesto,

194 1621 323 1673 dum
362 1620 476 1672 usui
515 1633 609 1683 est,
651 1632 703 1670 et
742 1638 809 1669 ne
847 1635 1081 1687 unquam
1121 1615 1432 1686 obsequium
1470 1628 1650 1684 vergat
1688 1614 1744 1665 in
1783 1613 2035 1679 taedium,

133 1709 147 1749 ’γ
193 1728 354 1779 parvo
379 1726 501 1758 mox
526 1707 662 1758 ostio
684 1705 1045 1757 secludendus.
1108 1704 1210 1755 Hic
1236 1703 1367 1754 mihi
1393 1702 1521 1754 duos
1547 1701 1783 1754 hortulos
1809 1702 2038 1772 quaesivi

195 1794 549 1862 tamjngenio
584 1792 962 1862 propositoque
997 1809 1115 1842 meo
1150 1803 1539 1853 consentaneos,
1577 1802 1638 1839 ut
1674 1788 1805 1839 nihil
1839 1789 2031 1858 magis;

195 1900 324 1952 quos
349 1881 389 1932 si
415 1879 705 1932 describere
730 1878 1014 1948 aggrediar,
1039 1877 1222 1945 longus
1249 1876 1387 1927 fiam.
1451 1876 1515 1927 In
1538 1893 1741 1927 summa
1764 1875 1851 1926 vix
1873 1875 2039 1926 simile
2061 1883 2112 1924 80

127 2033 131 2036 γ
197 1966 394 2037 aliquid
421 1985 539 2018 reor
568 1965 760 2017 habeat
788 1964 925 2016 orbis
954 1978 1210 2015 terrarum
1233 1983 1246 2026 ;
1294 1976 1367 2027 et,
1394 1962 1435 2013 si
1461 1961 1742 2013 femineam
1768 1960 2039 2013 levitatem

197 2055 350 2106 fateri
397 2067 630 2124 oportet,
681 2053 786 2105 tale
835 2052 1125 2123 quidquam
1175 2069 1279 2102 esse
1328 2062 1473 2101 extra
1522 2047 1729 2100 Italiam
1777 2047 2037 2118 indignor.

198 2141 357 2193 Hunc
405 2141 660 2193 Helicona
709 2153 948 2192 nostrum
995 2137 1414 2210 Transalpinumw
1447 2132 1678 2187 vocitare
1723 2134 1896 2200 soleo;
1965 2149 2041 2187 est

200 2229 340 2281 enim
392 2210 821 2280 alfe‘umbrosus
871 2226 1091 2296 solique.
1122 2210 1299 2276 studio
1349 2236 1519 2293 aptuS,
1571 2235 1626 2273 et
1676 2235 1854 2274 nostro
1904 2241 2043 2274 sacer

199 2314 449 2386 Apollini.
513 2315 616 2367 Hic
644 2314 876 2367 nascenti
905 2312 1114 2381 Sorgiae
1139 2309 1430 2381 impendet,
1459 2308 1598 2361 ultra
1623 2327 1782 2378 quem
1810 2308 1940 2361 nihil
1966 2322 2042 2360 est
2066 2324 2115 2373 85

202 2402 298 2454 nisi
330 2421 482 2471 rupes
515 2415 569 2453 et
603 2402 732 2465 avia,
760 2418 986 2470 prorsus,
1021 2398 1118 2450 nisi
1148 2398 1269 2449 feris
1302 2410 1393 2448 aut
1425 2395 1740 2460 volucribuS,
1775 2396 2041 2447 inaccessa.

202 2487 352 2540 Alter
404 2487 586 2540 domui
638 2488 908 2557 proximus
959 2500 1012 2537 et
1067 2484 1298 2554 aspectui
1349 2482 1539 2535 cultior
1591 2495 1645 2534 et
1697 2481 1915 2534 dilectus
1969 2495 2045 2533 est

205 2575 454 2639 Bromi03
509 2575 611 2640 hic,
647 2575 842 2626 mirum
877 2573 1042 2637 dictu,
1078 2570 1386 2641 rapidissimi
1420 2588 1477 2621 ac
1510 2568 1848 2639 pulcherrimi
1883 2569 2045 2620 amnis

205 2662 261 2714 in
308 2662 485 2714 medio
534 2676 625 2714 est.
713 2662 868 2713 quta
917 2679 1075 2730 quem
1125 2659 1268 2711 brevi
1318 2673 1528 2710 tantum
1576 2671 1742 2728 ponte
1791 2657 2047 2709 disiuncta

124 2800 150 2825 γ
206 2748 395 2801 ultima
440 2747 624 2800 domus
669 2749 725 2800 in
769 2761 936 2818 parte,
984 2745 1196 2817 testudo
1240 2745 1367 2797 vivis
1413 2764 1475 2796 ex
1518 2743 1778 2814 lapidibus
1835 2757 2046 2796 curvata
2070 2769 2126 2809 90

206 2835 559 2906 suspenditur,
595 2854 728 2905 quae
766 2853 907 2886 nunc
945 2832 1090 2885 coelo
1127 2831 1344 2884 ardente
1379 2831 1559 2883 sentiri
1596 2843 1742 2883 vetat
1782 2843 2046 2882 aestatem.

209 2923 380 2974 Locus
425 2936 501 2974 est
545 2922 638 2991 qui
680 2923 747 2973 ad
789 2920 1025 2973 studium
1068 2919 1317 2971 accendat
1339 2939 1353 2982 3
1418 2937 1764 2987 augurorque,
1808 2937 1915 2969 non
1958 2917 2051 2969 ab-

210 3008 386 3060 similis
418 3007 604 3060 atriolo
633 3007 725 3059 illo
755 3007 847 3059 ubi
879 3006 1165 3058 declamare
1194 3005 1373 3058 solitus
1405 3019 1515 3057 erat
1545 3004 1748 3068 Cicer0,
1780 3004 1876 3056 nisi
1906 3003 2051 3073 quod

211 3094 343 3147 illud
382 3093 857 3164 praeterlabentem
899 3091 1132 3162 Sorgiam
1173 3111 1280 3144 non
1318 3091 1563 3143 habebat.
1641 3090 1749 3142 Sub
1789 3090 1888 3142 hoc
1929 3109 2051 3158 ergo

213 3181 452 3233 meridies
480 3180 706 3249 exigitur
727 3200 741 3244 3
781 3198 934 3231 mane
959 3179 1014 3230 in
1040 3178 1273 3244 collibuS,
1301 3197 1482 3249 vesper
1518 3179 1574 3229 in
1612 3178 1771 3247 pratis
1798 3177 1880 3229 vel
1906 3172 2049 3247 aspe'-
2072 3198 2125 3238 95

214 3267 348 3320 riore
382 3267 438 3319 in
475 3265 689 3319 hortulo
728 3264 793 3317 ad
830 3266 1036 3318 fontem
1056 3278 1315 3330 naturam
1353 3263 1653 3317 vincentem
1692 3261 1930 3328 artificio,
1959 3262 2051 3314 ubi
