2242 3600
232 170 297 226 62
430 170 432 172 ’
650 168 1079 222 GERARDO
1135 169 1459 222 FRATRI
1515 169 1674 223 SVO

231 296 356 362 tuti,
391 316 524 367 quae
555 315 640 348 me
672 296 844 348 adhuc
877 295 1037 348 solitis
1070 297 1412 368 compedibus
1445 310 1708 350 arctatum
1741 306 1941 366 tenens,
1974 299 2079 352 iam

231 383 463 436 cultrum
506 383 675 447 lateri,
719 382 823 435 iam
866 383 1113 453 laqueum
1159 384 1291 436 collo
1335 398 1503 455 parat,
1548 384 1933 456 peregissetque
1975 385 2079 438 iam

231 470 456 540 pridem,
489 470 543 521 ni
564 469 865 545 Lliberatoris
898 469 1128 534 dextera,
1161 489 1296 540 quae
1326 483 1380 522 te
1411 469 1622 523 servitio
1654 472 1867 536 exemit,
1898 490 1984 524 me
2013 471 2079 524 ab

163 579 210 606 20
232 555 453 608 interitu
479 554 812 606 defendisset.
873 554 1077 620 orabis,
1101 557 1279 620 frater,
1305 569 1366 608 ut
1391 574 1475 607 me
1500 575 1714 626 quoque
1736 555 1840 609 iam
1864 557 2081 609 tandem

231 641 466 694 libertati
490 641 753 705 restituat,
780 653 833 692 et
859 660 966 693 uno
990 655 1175 694 ventre
1199 660 1490 712 progressos
1515 642 1629 712 pari
1652 642 1757 695 fine
1781 642 2002 696 felicitet
2027 657 2082 696 et

233 728 274 780 si
300 727 500 798 praeire
529 726 832 791 debueram,
861 746 968 780 non
996 728 1221 798 pudebit
1249 729 1412 799 sequi.
1501 729 1818 794 Meministi,
1845 729 2083 801 inquam,

235 815 348 885 quis
380 814 465 865 ille
497 827 550 865 et
585 832 743 884 quam
775 833 1122 883 supervacuus
1155 815 1582 885 exquisitissimae
1612 815 1767 868 vestis
1798 815 1958 881 nitor,
1992 816 2085 888 qui

234 920 318 953 me
341 902 611 965 hactenus,
637 901 824 965 fateor,
849 900 939 952 sed
962 900 1017 953 in
1043 900 1148 952 dies
1173 901 1326 953 solito
1351 902 1540 966 minus,
1567 902 1859 954 attonitum
1883 902 2044 955 habet
2069 924 2084 968 ;

162 1012 209 1053 25
236 988 379 1058 quod
405 986 536 1039 illud
562 986 820 1039 induendi
848 987 1180 1059 exuendique
1206 988 1495 1057 fastidium,
1525 1003 1578 1040 et
1606 1008 1759 1041 mane
1787 1009 1844 1041 ac
1871 1009 2085 1060 vespere

234 1073 490 1144 repetitus
539 1073 724 1138 labor3
797 1073 911 1144 quis
962 1073 1049 1125 ille
1099 1088 1289 1139 metUS,
1341 1095 1407 1127 ne
1459 1076 1584 1127 dato
1635 1075 1820 1127 ordine
1869 1075 2084 1146 capillus

233 1162 488 1225 efflueret,
529 1179 595 1212 ne
634 1159 963 1230 complicitos
1004 1180 1273 1213 comarum
1313 1161 1492 1231 globos
1532 1161 1658 1215 levis
1696 1182 1818 1214 aura
1859 1163 2084 1215 confun-

235 1248 419 1311 deret3
475 1266 609 1317 quae
641 1245 727 1298 illa
762 1259 945 1298 contra
979 1260 1229 1317 retroque
1262 1248 1590 1301 venientium
1625 1249 1748 1317 fuga
1783 1249 2083 1319 quadrupe*

236 1335 384 1399 dum,
430 1353 496 1385 ne
545 1332 676 1404 quid
728 1333 1054 1386 adventiciae
1104 1334 1265 1386 sordis
1315 1334 1552 1386 redolens
1603 1354 1662 1386 ac
1711 1335 1911 1404 fulgida
1962 1349 2084 1405 toga

163 1445 212 1483 30
234 1420 535 1490 susciperet,
578 1439 681 1472 neu
729 1419 996 1490 impressas
1042 1438 1192 1489 rugas
1238 1419 1409 1472 collisa
1449 1420 1765 1472 remitteret.
1802 1462 1814 1472 .
1854 1462 1866 1473 .
1907 1462 1919 1473 .
1952 1421 2086 1489 [The

234 1507 466 1575 religious
501 1506 591 1575 life
626 1506 717 1557 has
737 1506 890 1576 freed
931 1506 1186 1558 Gherardo
1208 1508 1346 1576 from
1387 1508 1516 1559 these
1537 1507 1728 1576 sollies,
1762 1508 1822 1560 P.
1863 1509 1907 1560 is
1943 1509 2089 1579 being

235 1593 479 1647 liberated
503 1593 564 1662 by
592 1592 877 1661 advancing
904 1592 1034 1662 age]

308 1680 454 1740 Quid
481 1680 547 1732 de
575 1679 755 1732 calceis
781 1679 968 1750 loquar
998 1684 1015 1732 ?
1079 1680 1259 1744 Pedes,
1288 1700 1416 1750 quos
1445 1694 1720 1750 protegere
1748 1680 2086 1747 videbantur,

236 1786 396 1839 quam
420 1766 564 1836 gravi
589 1779 643 1817 et
669 1784 829 1836 quam
855 1765 1112 1818 continuo
1134 1766 1271 1818 bello
1296 1766 1608 1837 premebant
1629 1769 1640 1819 !
1700 1767 1871 1832 MeOS,
1897 1768 2087 1833 fateor,

165 1874 211 1915 35
236 1853 445 1905 inutiles
493 1851 858 1916 reddidissent,
907 1851 1003 1903 nisi
1051 1852 1295 1904 extremis
1344 1852 1734 1905 necessitatibus
1783 1852 2085 1907 admonitus

236 1939 503 1992 offendere
536 1937 818 2008 paululum,
845 1937 1067 1990 aliorum
1100 1938 1301 1992 lumina
1337 1958 1495 2010 quam
1531 1958 1713 1992 nervos
1749 1953 1802 1990 et
1837 1940 2086 1993 articulos

237 2046 377 2079 meos
395 2040 665 2078 conterere
688 2025 1000 2078 maluissem.
1049 2026 1194 2085 Quid
1216 2026 1280 2078 de
1303 2024 1604 2078 calamistris
1627 2038 1680 2076 et
1705 2044 1884 2078 comae
1907 2026 2084 2079 studio

239 2113 458 2165 dixerim
488 2117 504 2165 ?
590 2112 847 2171 Quotiens
872 2132 1134 2178 somnum,
1160 2131 1319 2184 quem
1341 2112 1488 2164 labor
1512 2111 1598 2162 ille
1623 2111 1914 2176 distulerat,
1937 2111 2085 2166 labor
2122 2129 2124 2131 ·

236 2200 323 2252 ille
361 2199 573 2269 abrupit
603 2203 621 2251 ?
692 2199 821 2257 Quis
860 2198 1108 2269 piraticus
1149 2212 1319 2251 tortor
1354 2197 1611 2250 crudelius
1645 2211 1888 2250 arctasset
1924 2218 2083 2269 quam

167 2310 216 2345 40
237 2286 460 2357 propriis
508 2285 605 2355 ipsi
653 2285 893 2338 manibus
942 2285 1320 2338 arctabamur?
1406 2284 1549 2343 Quos
1598 2303 1750 2336 mane
1798 2298 2086 2339 nocturnos

238 2374 402 2426 sulcos
442 2373 496 2424 in
536 2371 746 2442 speculo
785 2371 1011 2425 vidimus
1050 2372 1265 2424 rubenti
1305 2374 1481 2423 fronte
1520 2384 1849 2435 transversos,
1890 2385 1951 2424 ut
1992 2372 2086 2443 qui

239 2460 486 2530 capillum
549 2472 812 2510 ostentare
866 2458 1187 2523 volebamus,
1242 2458 1429 2511 faciem
1493 2471 1667 2526 tegere
1730 2476 2034 2526 cogeremur
2062 2463 2082 2511 f

239 2546 429 2599 Dulcia
473 2559 594 2597 sunt
637 2546 774 2597 haec.
807 2544 1150 2614 patientibus,
1194 2544 1347 2615 passis
1390 2543 1472 2597 vel
1514 2557 1809 2595 memoratu
1852 2544 2082 2610 horrida,

238 2631 562 2686 incredibilia
601 2630 901 2700 inexpertis.
944 2672 956 2682 .
999 2671 1010 2682 .
1054 2670 1065 2681 .
1107 2630 1239 2698 [The
1290 2630 1591 2682 recollection
1644 2630 1701 2697 of
1745 2630 1875 2682 these
1908 2630 2084 2699 follies

168 2742 215 2783 45
239 2733 366 2772 must
395 2720 612 2771 increase
643 2716 942 2767 Gherardo's
967 2717 1281 2783 satisfaction
1308 2716 1429 2767 with
1459 2715 1537 2766 his
1562 2714 1652 2783 lise
1682 2714 1898 2784 to-day.]

308 2807 395 2869 Et,
453 2817 514 2856 ut
571 2804 699 2854 haec
759 2802 952 2855 leviora
1010 2816 1351 2871 praeteream,
1409 2801 1680 2853 recordare
1738 2801 1916 2866 etiam,
1975 2821 2082 2873 quo

239 2890 535 2963 promptius
566 2908 594 2940 e
624 2901 771 2939 tanta
799 2888 1069 2957 Charybdi
1097 2888 1346 2940 liberatus
1375 2887 1552 2956 dignas
1583 2887 1701 2938 Deo
1729 2886 1918 2956 gratias
1946 2907 2081 2957 agaS,

240 2991 436 3049 quanta
468 2975 617 3027 nobis
646 2976 817 3026 fuerat
850 2994 989 3038 cura,
1023 2976 1356 3044 quantaeque
1385 2973 1606 3042 vigiliae,
1638 2987 1699 3025 ut
1731 2975 1876 3025 furor
1906 2987 2082 3027 noster

237 3067 342 3117 late
367 3076 522 3114 notus
548 3074 600 3112 et
626 3080 717 3112 nos
743 3079 961 3112 essemus
986 3060 1306 3129 populorum
1331 3060 1521 3112 fabula.
1585 3059 1842 3118 Quotiens
1866 3059 2079 3129 syllabas

169 3177 217 3217 50
239 3148 620 3204 contorsimus!
698 3146 954 3205 Quotiens
994 3147 1150 3198 verba
1192 3146 1587 3198 transtulimus!
1664 3146 1912 3216 Denique
1951 3145 2081 3216 quid

240 3256 348 3289 non
388 3234 604 3287 fecimus
646 3247 706 3284 ut
749 3252 893 3284 amor
934 3233 1038 3297 ille,
1081 3251 1240 3302 quem
1280 3232 1320 3284 si
1362 3232 1666 3301 extinguere
1707 3250 1814 3284 non
1854 3244 1983 3296 erat,
2025 3246 2079 3284 at
