2242 3600
287 172 383 220 180
770 162 1269 215 FRANCISCO
1326 163 1622 216 BRVNO

282 296 431 348 Neve
464 295 519 347 in
553 294 763 363 singulis
800 312 987 357 morer,
1023 292 1162 345 illico
1198 292 1457 346 rediturus
1493 296 1694 347 fueram
1731 315 1836 348 non
1871 295 2115 350 obstante

283 382 443 435 tibiae
476 380 754 444 collisione,
790 399 893 449 qua
925 379 981 430 in
1014 393 1162 448 parte
1196 381 1421 449 corporis
1456 400 1483 432 a
1516 382 1741 451 pueritia
1773 401 1959 452 parum
1991 382 2116 434 felix

282 469 375 534 fui,
405 482 457 519 et
484 486 617 536 quae
644 485 727 517 me
754 480 871 517 tum
898 485 1047 534 saepe
1072 465 1197 516 olim
1225 479 1341 517 turn
1367 486 1460 536 per
1485 467 1578 519 hos
1605 467 1710 521 dies
1736 467 2114 538 complusculos

215 579 259 620 15
283 554 482 618 afflixit,
508 553 797 621 invisasque
821 554 959 604 inter
983 551 1307 603 medicorum
1333 571 1512 604 manus
1539 572 1703 623 usque
1727 573 1866 606 nunc
1892 554 2114 616 detinet,

282 641 378 693 nisi
401 638 545 709 quod
568 651 836 690 aestuante
857 638 912 689 in
934 637 1082 689 horas
1106 637 1259 702 bello,
1283 638 1386 689 iam
1412 652 1653 691 terrestre
1674 641 1775 692 iter
1797 639 1862 691 ad
1884 639 2115 692 reditum

283 744 486 797 prorsus
515 725 814 776 obstrusum
841 737 968 788 erat,
999 743 1092 775 nec
1121 724 1260 776 navis
1288 724 1391 776 ulla
1418 745 1571 794 prece
1597 726 1679 778 vel
1704 726 1876 796 pretio
1903 726 2117 796 reperiri

282 826 508 882 poterat,
541 830 675 880 quae
703 829 756 861 se
786 809 1018 879 periculo
1049 829 1307 879 exponere
1337 811 1568 863 auderet.
1636 813 1748 864 Etsi
1779 813 1919 864 enim
1948 811 2116 864 Padus

281 902 390 969 ipse
412 901 572 950 etiam
596 897 732 948 bello
756 897 976 962 arderet,
1000 896 1270 966 sperabam
1294 911 1471 950 tamen
1495 918 1556 949 eo
1579 898 1704 949 calle
1728 918 1754 950 a
1777 899 2008 951 fortuitis
2032 917 2118 951 me

212 1021 261 1048 20
283 984 630 1055 praedonibus
670 985 940 1048 tutiorem,
979 983 1167 1053 quibus
1205 984 1518 1036 cessantibus
1558 985 1631 1036 nil
1669 984 1938 1049 timebam,
1977 998 2117 1037 ratus

283 1090 461 1124 meum
489 1071 819 1141 propositum
848 1083 1008 1139 atque
1036 1088 1266 1121 amorem
1296 1072 1431 1140 pacis
1461 1085 1515 1122 et
1544 1070 1667 1122 belli
1695 1071 1877 1123 odium
1905 1071 2119 1141 utrique

279 1159 416 1228 parti
442 1170 630 1208 notum
655 1175 773 1210 esse.

353 1245 422 1296 Et
453 1244 524 1295 sic
559 1242 764 1307 accidit,
798 1242 1057 1311 siquidem
1091 1261 1266 1293 mense
1298 1242 1372 1295 ibi
1403 1244 1609 1311 integro
1643 1257 1696 1295 et
1730 1243 1948 1314 amplius
1980 1246 2121 1296 inter

282 1331 421 1382 navis
469 1329 864 1398 inquisitionem
912 1341 965 1379 et
1014 1326 1344 1379 difficultates
1393 1348 1566 1380 rerum
1614 1330 1772 1381 varias
1820 1330 2118 1400 absumptO,

211 1447 259 1488 25
283 1416 497 1469 tandem
520 1414 788 1467 nauclerus
811 1433 942 1465 unus
967 1433 1073 1465 non
1096 1427 1205 1465 tam
1226 1414 1442 1483 pavidus
1467 1416 1635 1479 affuit,
1659 1417 1751 1485 qui
1772 1435 2012 1469 securum
2034 1435 2120 1468 1110

282 1502 460 1555 videns
510 1515 563 1553 et
611 1502 720 1570 ipse
770 1500 920 1551 desiit
971 1501 1172 1551 timere.
1259 1500 1420 1552 Cuius
1470 1503 1524 1566 in
1574 1521 1759 1569 navem
1808 1502 2151 1567 mirantibu-

282 1588 500 1652 cunctis,
538 1586 851 1657 quibusdam
887 1606 1010 1638 vero
1048 1600 1100 1637 et
1138 1565 1659 1656 reprehendentibus,
1698 1588 1946 1654 introivi·
2002 1607 2118 1640 suc-

282 1676 536 1744 cessitque
580 1673 801 1725 feliciter
846 1672 979 1723 duce
1023 1673 1157 1724 Deo.
1237 1672 1377 1724 Cum
1420 1674 1561 1725 enim
1606 1674 1803 1743 ubique
1846 1674 2020 1727 classes
2063 1677 2120 1728 in

284 1761 435 1814 undis
467 1774 704 1823 armataS,
737 1759 935 1828 ubique
963 1759 1019 1809 in
1049 1759 1170 1828 ripis
1202 1773 1421 1811 armatas
1453 1761 1580 1811 acies
1611 1761 1917 1826 invenerim,
1949 1761 2120 1813 nautis

210 1865 261 1902 30
283 1847 596 1916 famulisque
627 1844 973 1897 trementibus
1006 1858 1165 1913 atque
1195 1844 1527 1913 pallentibus,
1536 1865 1844 1923 ΞΞο1111113,
1866 1865 1956 1898 seu
1985 1846 2120 1899 hanc

283 1934 567 1986 amentiam
601 1951 690 1983 seu
726 1931 972 1982 fiduciam
1008 1931 1121 2000 quis
1159 1930 1364 1995 dixerit,
1402 1930 1599 2000 ubique
1633 1931 1924 2001 intrepidus
1960 1946 2122 2002 atque

282 2019 491 2073 inermis
518 2018 737 2082 occurri,
748 2036 872 2090 11011
895 2016 1063 2095 solum
1088 2016 1360 2099 incolumis
1386 2016 1475 2067 sed
1500 2018 1658 2069 etiam
1684 2018 1986 2095 honoratus
2013 2036 2122 2070 uno

58 2120 235 2182 mmm!
283 2106 524 2158 omnibus
565 2124 654 2156 ore
691 2082 978 2156 fatentibus
1020 2094 1128 2154 11011
1165 2094 1269 2154 0330
1307 2103 1466 2155 alium
1505 2119 1711 2173 praeter
1755 2123 1840 2155 me
1883 2105 1976 2174 qui
2018 2105 2122 2158 iter

39 2187 46 2205 '⁴
281 2194 413 2246 illud
440 2206 613 2261 ageret
639 2210 882 2254 securus;
930 2209 1158 2259 cumque
1184 2208 1280 2257 ego
1305 2189 1361 2240 id
1388 2208 1533 2242 meae
1560 2190 1845 2242 tribuerem
1871 2190 2121 2260 parvitati

211 2300 260 2340 35
285 2280 467 2349 (solere
485 2279 624 2330 enirn
645 2276 883 2329 animalia
903 2296 1075 2346 parva,
1097 2295 1230 2345 quae
1248 2295 1434 2344 magna
1453 2295 1559 2328 non
1577 2290 1804 2346 possent,
1825 2277 2119 2344 transilire),

284 2386 387 2418 una
415 2384 592 2417 omnes
620 2383 747 2417 voce
773 2363 1012 2415 similiter
1039 2362 1443 2432 respondebant,
1473 2382 1644 2432 neque
1672 2382 1921 2432 magnum
1949 2369 2121 2434 neque

283 2471 503 2523 parvum
537 2451 758 2503 inveniri
790 2468 951 2519 posse,
986 2450 1077 2519 qui
1111 2468 1217 2500 non
1250 2448 1509 2500 alterutris
1542 2450 1624 2501 vel
1655 2450 1845 2503 invisus
1878 2463 2007 2502 esset
2039 2449 2122 2503 vel

282 2552 566 2608 suspectus,
653 2537 900 2606 Denique
951 2555 1119 2600 narr0,
1173 2554 1278 2586 non
1327 2554 1442 2587 sum
1494 2538 1708 2601 1103οἰ113,
1760 2535 1909 2606 plura
1958 2555 2118 2606 quam

285 2643 486 2677 necesse
524 2638 618 2689 est,
656 2624 778 2693 quia
817 2636 1021 2674 certum
1057 2621 1225 2673 habeo
1266 2635 1319 2673 te
1357 2620 1584 2672 libenter
1620 2622 1746 2674 haec
1783 2622 1985 2691 legere3
2027 2621 2119 2674 ubi

212 2736 264 2771 40
285 2731 462 2764 omnes
494 2712 634 2780 capti
664 2710 746 2763 vel
775 2710 927 2761 occisi
959 2722 1011 2760 et
1043 2722 1184 2760 certe
1212 2703 1418 2777 spoliati
1448 2727 1624 2760 omnes
1657 2723 1841 2773 essent,
1872 2728 1969 2778 ego
1996 2709 2120 2762 vino

286 2813 340 2851 et
373 2797 600 2850 altilibus
636 2811 689 2848 et
722 2797 888 2866 pomis
923 2809 977 2847 et
1008 2794 1274 2865 speciebus
1307 2796 1377 2846 sic
1409 2808 1652 2846 onustam
1685 2795 1909 2865 puppim
1939 2794 2119 2862 habui,

286 2899 348 2938 ut
378 2903 484 2936 non
512 2884 749 2935 ferocitas
780 2882 995 2953 quidem
1026 2881 1145 2946 ulla,
1175 2880 1265 2932 sed
1291 2880 1568 2934 liberalitas
1599 2881 1912 2934 bellatorum
1942 2900 2119 2934 meum

285 2970 417 3022 illud
445 2971 546 3022 iter
575 2969 851 3039 pacificum
882 2968 1185 3020 retardaret.
1252 2967 1493 3026 Quorum
1524 2967 1654 3019 nihil
1683 2968 1890 3037 penitus
1921 2968 2118 3021 meritis

288 3058 430 3122 111οἰ3,
476 3055 565 3108 3οἀ
612 3055 816 3108 divinae
860 3068 1050 3106 cuncta
1096 3054 1404 3106 clementiae
1450 3053 1664 3118 ascrib0,
1711 3072 1845 3124 quae
1890 3054 2019 3106 mihi
2064 3068 2119 3107 et

210 3153 261 3192 45
288 3144 513 3195 amicum
559 3143 694 3211 pacis
741 3142 974 3192 animum
1021 3140 1184 3204 dedit,
1231 3153 1284 3191 et
1329 3139 1468 3191 hunc
1513 3139 1684 3208 ipsum
1729 3139 1969 3230 omnibus
2013 3139 2120 3192 late

289 3243 477 3282 notum
503 3229 665 3298 inque
692 3246 809 3279 meo
836 3228 1011 3299 [clare]
1042 3225 1305 3294 legibilem
1332 3225 1483 3278 vultu
1510 3225 1653 3277 fecit.
