2242 3600
681 161 1078 215 NICOLAO
1131 161 1469 216 SYGERO
1914 178 2003 233 105

235 288 425 359 Neque
451 303 717 360 praeterea
755 290 885 342 mihi
922 309 1033 360 spes
1061 290 1298 361 eripitur,
1327 305 1499 344 aetate
1524 292 1620 344 hac
1658 294 1924 362 profectus
1951 293 2007 345 in
2031 315 2080 355 70

164 374 354 428 litteris
378 377 576 441 vestriS,
599 377 655 430 in
678 377 867 448 quibus
891 390 1063 430 aetate
1085 376 1273 430 ultima
1295 379 1571 449 profecisse
1594 378 1724 431 adeo
1747 380 2006 432 cernimus

167 461 444 515 Catonem.
506 462 594 516 Tu
621 464 663 516 si
690 463 821 534 quid
846 465 1018 516 forsan
1045 483 1108 516 ex
1135 482 1220 516 me
1247 465 1411 535 cupiS,
1438 465 1601 518 redde
1627 466 1758 518 mihi
1786 465 2007 518 fiduciae

166 561 345 601 tantae
370 550 538 602 vicem
566 564 619 602 et
646 549 702 602 in
728 569 813 602 me
838 551 951 604 iure
979 564 1073 603 tuo
1100 564 1265 604 utere.
1329 553 1440 622 Ego
1467 552 1608 605 enim
1636 567 1697 604 ut
1724 551 1866 605 vides
1893 553 2006 605 iure

165 653 283 687 meo
314 650 437 688 utor
467 637 522 688 in
555 650 625 702 te,
655 650 709 689 et
740 637 990 708 quoniam
1020 637 1291 707 petitionis
1325 658 1580 692 successus
1612 638 1830 709 petendi
1866 639 2005 709 parit

164 721 451 788 audaciam,
480 723 653 788 mitte,
681 723 722 775 si
748 738 914 789 vacat,
943 724 1253 789 Hesiodum,
1283 726 1440 778 mitte
1466 746 1650 796 precor
1677 725 2001 796 Euripidem.
2030 741 2076 783 75

163 808 307 875 Vale,
329 811 407 862 vir
429 811 647 880 egregie,
666 829 963 881 nomenque
986 830 1164 864 meum
1182 812 1326 882 quod
1345 814 1467 889 §.192
1478 813 1810 887 Effisffisssssitis
1833 813 2005 865 nescio

163 915 267 970 qua
300 896 628 975 indulggfflia
663 897 1182 971 yeljgominumnyel„
1199 901 1457 973 ssQRtJJJJES
1486 901 1605 953 satis
1640 901 1696 952 in
1731 899 2006 952 occidente

159 961 508 1053 cognosffliir,
537 984 593 1036 in
621 972 860 1037 orientali
889 985 1003 1038 aula
1030 986 1070 1038 si
1098 986 1325 1052 videtur,
1356 1001 1409 1039 et
1437 987 1576 1040 inter
1602 1001 1796 1040 vestros
1824 986 2004 1039 heroas

162 1083 352 1122 notum
396 1071 574 1136 facitO,
620 1085 682 1123 ut
726 1071 871 1142 quod
916 1072 1180 1125 Romanus
1226 1073 1422 1126 Caesar
1458 1073 1812 1145 amplectitur,
1859 1073 2002 1126 Con-

159 1157 657 1227 stantinopolitanus
683 1178 789 1211 non
806 1159 1039 1212 fastidiat
1069 1160 1379 1231 Imperator.
1454 1160 1767 1226 Mediolani,
1788 1179 1856 1213 1v.
1877 1159 2004 1212 Idus
2023 1174 2075 1213 80

162 1243 390 1296 Ianuarii
415 1243 463 1314 [1
475 1259 500 1311 3
508 1244 611 1315 54].

510 1390 714 1450 Iacobo
744 1390 1089 1451 Florentino,
1160 1392 1326 1452 Fam.
1358 1393 1521 1453 xviii.
1559 1412 1646 1453 12.

164 1499 497 1630 CICERO
523 1515 643 1554 tuus
669 1502 1014 1572 quadriennio
1039 1517 1092 1556 et
1119 1504 1338 1574 amplius
1365 1523 1572 1558 mecum
1598 1506 1718 1558 fuit.
1795 1504 2002 1558 Tantae

275 1601 451 1640 autem
501 1587 761 1641 dilationis
815 1609 963 1642 causa
1024 1590 1339 1661 scriptorum
1402 1591 1528 1644 haec
1589 1591 2000 1662 intelligentium

156 1673 336 1743 ingens
381 1675 559 1727 raritas
604 1689 767 1746 atque
809 1677 1062 1746 penuria3
1130 1697 1289 1748 quam
1333 1678 1533 1731 iactura
1576 1678 1873 1732 studiorum
1918 1679 1998 1731 in-

156 1760 415 1826 credibilis
469 1775 747 1814 consecuta
799 1776 894 1828 est,
951 1762 1078 1815 dum
1133 1783 1267 1834 quae
1321 1779 1507 1817 natura
1560 1764 1778 1817 obscura
1831 1779 1999 1830 erant,

154 1847 502 1918 intelligibilia
540 1848 805 1901 desierunt
842 1869 963 1915 esse,
1003 1850 1382 1922 novissimeque
1419 1851 1655 1922 neglecta
1691 1872 1896 1922 prorsus
1933 1852 1998 1905 ab
2022 1871 2046 1913 5

156 1934 416 2000 omnibus,
451 1935 667 2005 periere.
740 1937 823 1988 Ita
855 1936 1154 1990 litterarum
1189 1937 1463 1990 uberrimis
1499 1952 1659 2009 atque
1694 1938 1997 1992 dulcissimis

155 2021 412 2074 fructibus
465 2036 519 2074 et
570 2023 901 2092 ingeniorum
952 2023 1234 2076 iHustrium
1286 2024 1470 2094 vigiliis
1523 2039 1683 2096 atque
1733 2024 1996 2077 laboribus

155 2121 331 2160 nostra
383 2108 639 2178 paulatim
691 2109 891 2162 saecula
945 2125 1242 2175 caruerunt,
1298 2111 1488 2181 quibus
1542 2131 1608 2163 an
1662 2111 1997 2164 exceHentius

155 2191 353 2263 aliquid
389 2195 445 2247 in
484 2196 631 2248 terris
670 2195 813 2248 haud
852 2210 1049 2248 temere
1087 2196 1403 2249 diffinierim.
1479 2197 1620 2250 Illud
1658 2197 1998 2251 fidentissime

156 2278 375 2332 dixerim
407 2282 657 2334 maiorem
689 2283 823 2334 hanc
856 2283 1019 2335 nostri
1052 2284 1302 2353 temporis
1332 2285 1588 2337 iacturam
1621 2284 1997 2356 aliquantoque
2022 2312 2068 2339 10

153 2365 337 2419 iustius
359 2367 653 2421 deflendam
675 2388 834 2440 quam
853 2368 1112 2445 Delpbiga
1132 2369 1621 2444 εςᾴςξἼΗΒρᾲἣεψιΞι-ιρἰξ,
1644 2390 1753 2442 quo
1774 2371 1994 2425 deorum

152 2453 396 2522 singulari
426 2455 657 2525 quodam
688 2456 846 2521 don0,
878 2470 932 2508 et
963 2475 1070 2526 quo
1099 2456 1322 2522 nullum,
1352 2477 1405 2509 se
1433 2457 1624 2523 iudice,
1651 2458 1814 2511 maius
1845 2472 1994 2524 esset,

154 2539 395 2594 Lucanus
441 2542 703 2596 saeculum
750 2563 902 2596 suum
950 2543 1168 2596 caruisse
1214 2545 1572 2615 conqueritur.
1656 2546 1805 2605 Quae
1850 2545 1993 2598 sedes

153 2627 336 2680 melius
385 2629 530 2681 omni
580 2644 819 2700 tempore
844 2626 1103 2696 siluisset,
1154 2644 1207 2683 et
1257 2649 1379 2683 cum
1427 2631 1597 2684 incola
1644 2651 1734 2684 sua
1782 2632 1992 2703 penitus

152 2713 502 2768 obmutuisset
534 2715 797 2787 Apolline,
832 2717 924 2787 qui
959 2736 1066 2769 non
1098 2717 1389 2788 prophetae
1423 2732 1634 2771 tantum
1670 2718 1992 2785 testimoniO,
2018 2741 2062 2782 15

152 2800 403 2871 quoniam
430 2820 607 2854 omnes
638 2802 711 2855 dii
738 2803 978 2872 gentium
1007 2802 1280 2856 daemonia
1305 2818 1446 2871 sunt,
1474 2804 1564 2857 sed
1590 2805 1805 2876 proprio
1832 2805 1991 2858 etiam

153 2907 242 2939 ore
297 2888 644 2942 convincitur.
737 2889 1008 2960 Siquidem
1063 2890 1408 2960 interroganti
1463 2892 1672 2944 cuidam
1726 2911 1886 2963 quem
1940 2912 1993 2945 se

154 2976 350 3027 faceret
398 2976 616 3045 (quanta
654 2976 762 3028 veri
807 2977 879 3029 vis
901 2977 957 3044 l),
997 2975 1306 3028 daemonem
1350 2997 1404 3029 se
1449 2997 1552 3030 esse
1598 2981 1855 3031 confessus
1895 2992 1990 3032 est.

150 3058 394 3119 Profecto
437 3058 730 3112 damnosius
775 3079 931 3112 nemo
977 3061 1241 3130 negaverit
1282 3060 1423 3113 dulci
1466 3061 1650 3114 solatio
1693 3062 1990 3114 litterarum

152 3165 311 3217 quam
338 3145 525 3216 perfidi
551 3166 609 3198 ac
635 3147 895 3199 mendacis
924 3147 1186 3200 daemonis
1214 3148 1431 3200 caruisse
1457 3148 1734 3220 colloquio.
2012 3179 2060 3206 20

189 3231 291 3284 Sed
321 3232 500 3285 relicta
530 3234 798 3303 pereuntis
831 3234 1076 3286 scientiae
1109 3234 1334 3305 querela,
1375 3234 1440 3286 ad
1480 3237 1789 3289 Ciceronem
1832 3249 1986 3289 tuum
