2242 3600
2 487 70 516 (ηις,
84 478 101 505 «I

64 524 125 542 γτμ

280 171 337 219 18
876 163 1324 217 DIONYSIO.
1363 164 1522 217 SVO

272 294 443 346 lucem
495 311 777 358 moveram,
825 292 1086 360 profunda
1137 306 1293 344 nocte
1345 293 1585 357 remeavi,
1633 307 1686 344 et
1737 293 1859 344 luna
1911 310 2111 361 pernox

272 394 481 448 gratum
521 379 830 448 obsequium
871 377 1166 446 praestabat
1206 378 1469 430 euntibuS.
1551 379 1772 431 Interim
1813 378 2110 452 ergomdum
2171 397 2175 399 ·

116 500 178 541 .;..³
220 515 242 538 Ι,
273 449 493 535 famulos
546 462 871 533 apparandae
922 481 1112 514 coenae
1160 463 1396 516 studium
1449 478 1671 529 exercet,
1723 464 1857 516 solus
1910 483 2006 534 ego
2055 465 2112 518 in

272 565 475 621 partem
502 550 685 601 domus
711 549 943 600 abditam
970 550 1341 617 perrexi,-,haec
1366 550 1465 601 tibi
1489 551 1681 619 raptim
1707 564 1761 602 et
1785 570 1848 602 ex
1873 565 2113 620 tempore

179 654 250 697 150
270 639 573 707 scripturus,
616 656 697 700 ne,
739 637 778 686 si
821 634 1147 700 distulissem,
1176 620 1286 704 *pro
1326 636 1578 688 varietate
1617 637 1853 688 locorum
1894 637 2111 688 mutatis

271 725 442 776 forsan
509 722 781 774 affectibus
846 721 1105 772 scribendi
1171 722 1500 790 propositum
1567 721 1875 774 deferveret.
1976 721 2114 774 Vide

270 811 466 879 itaque,
487 823 636 878 pater
654 808 1019 872 amantissime,
1040 826 1197 876 quam
1219 807 1348 858 nihil
1365 808 1421 858 in
1439 826 1524 858 me
1541 809 1700 859 oculis
1721 809 1823 860 tuis
1842 807 2111 860 occultum

271 895 444 959 velim,
483 896 573 964 qui
611 894 709 945 tibi
747 893 942 944 nedum
980 894 1269 945 universam
1306 894 1469 945 vitam
1508 912 1695 959 meam,
1727 894 1817 946 sed
1853 895 2114 963 cogitatus

271 982 495 1050 singulos
540 995 648 1032 tam
693 980 971 1050 diligenter
1013 981 1204 1049 aperio,
1284 981 1384 1031 Pro
1422 980 1612 1050 quibus
1652 999 1761 1046 oro,
1803 1000 2011 1051 quaeso,
2051 996 2114 1034 ut

178 1086 248 1130 15⁵
272 1082 380 1120 tam
423 1067 512 1119 diu
551 1067 666 1135 vagi
705 1081 758 1118 et
798 1065 1078 1130 instabiles,
1120 1065 1401 1135 aliquando
1438 1066 1721 1119 subsistant
1761 1064 1814 1119 et
1852 1067 2116 1120 inutiliter

270 1174 364 1224 per
395 1154 562 1206 multa
594 1154 790 1217 iactati,
827 1152 891 1203 ad
924 1171 1089 1203 unum
1123 1152 1323 1203 bonum
1355 1171 1556 1217 verum,
1590 1167 1812 1218 certum,
1845 1154 2032 1207 stabile
2062 1174 2116 1206 se

272 1254 599 1293 convertant.
662 1239 807 1291 Vale.
880 1257 950 1291 VI.
985 1238 1244 1291 Kalendas
1271 1239 1457 1304 Maias,
1487 1240 1803 1292 Malauceno
1830 1239 2028 1311 [1336].

492 1453 745 1511 Iohanni
776 1451 1085 1511 Columnae
1117 1451 1447 1511 Cardinali.
1519 1451 1684 1510 Fam.
1717 1453 1794 1512 iv.
1825 1471 1882 1532 4.

372 1585 658 1638 NCIPITI
696 1586 751 1636 in
790 1585 931 1636 bivio
967 1603 1098 1649 sum,
1133 1604 1228 1636 nec
1267 1604 1375 1655 quo
1411 1586 1741 1655 potissimum
1779 1599 1954 1638 vertar
1988 1587 2110 1641 scio,

399 1672 541 1722 Mira
571 1671 786 1741 quidem
822 1670 911 1722 sed
945 1670 1109 1723 brevis
1147 1671 1361 1723 historia
1392 1685 1485 1723 est.
1560 1671 1834 1724 Hodierno
1861 1672 1962 1738 die,
1984 1672 2113 1726 hora

271 1758 437 1809 ferme
476 1759 648 1822 tertia,
689 1757 897 1808 litterae
944 1756 1162 1808 Senatus
1202 1758 1332 1808 mihi
1371 1757 1609 1809 redditae
1646 1772 1787 1823 sunt,
1827 1759 1884 1810 in
1921 1759 2113 1829 quibus

271 1844 462 1895 obnixe
506 1843 791 1895 admodum
835 1858 888 1895 et
932 1843 1111 1895 multis
1155 1843 1568 1913 persuasionibus
1612 1844 1678 1895 ad
1720 1845 2111 1914 percipiendam

225 1951 249 1993 5
271 1930 499 1983 lauream
533 1931 794 1999 poeticam
829 1930 1050 1981 Romam
1084 1949 1257 1982 vocor.
1328 1930 1528 1981 Eodem
1562 1930 1661 1982 hoc
1694 1931 1807 1999 ipso
1841 1930 1941 1996 die,
1977 1933 2110 1984 circa

270 2017 452 2068 horam
477 2017 750 2082 decimam,
773 2036 927 2086 super
949 2016 1129 2068 eadem
1152 2036 1207 2068 re
1229 2016 1293 2068 ab
1315 2016 1503 2068 illustri
1525 2017 1637 2068 viro
1659 2016 1911 2082 RobertO,
1937 2016 2113 2070 Studii

262 2103 558 2154 -Parisiensis
602 2102 941 2167 Cancellario,
981 2104 1194 2154 concive
1236 2121 1371 2168 meo,
1414 2102 1650 2172 mihique
1693 2116 1746 2154 et
1790 2102 1942 2154 rebus
1986 2105 2113 2157 meis

271 2189 595 2253 amicissimo,
639 2190 853 2240 nuntius
897 2207 1016 2240 cum
1058 2188 1245 2240 litteris
1288 2188 1354 2240 ad
1394 2207 1479 2239 me
1519 2189 1680 2240 venit.
1759 2187 1856 2239 Ille
1896 2207 1982 2240 me
2023 2209 2111 2241 ex-

272 2275 613 2344 quisitissimis
674 2275 960 2327 rationibus
1021 2288 1082 2326 ut
1142 2293 1254 2326 eam
1314 2275 1564 2326 Parisium
1623 2275 1884 2327 hortatur.
1980 2277 2111 2336 Quis

206 2386 251 2413 10
272 2380 524 2430 unquam,
569 2380 660 2412 oro
706 2375 774 2425 te,
820 2376 1129 2413 eventorum
1174 2362 1279 2413 tale
1320 2360 1518 2431 aliquid
1560 2362 1652 2412 hos
1694 2362 1834 2412 inter
1873 2363 2113 2431 scopulos
2153 2379 2155 2382 '

273 2447 594 2499 divinasset?
685 2447 753 2497 Et
805 2466 941 2512 sane,
996 2448 1118 2516 quia
1171 2466 1247 2498 res
1299 2465 1464 2516 paene
1514 2445 1830 2497 incredibilis
1882 2446 2112 2513 videtur,

273 2547 554 2602 utramque
573 2532 844 2601 epistolam
866 2532 1045 2584 illaesis
1065 2534 1218 2601 signis
1239 2532 1305 2584 ad
1326 2547 1379 2583 te
1398 2532 1530 2584 misi.
1585 2531 1730 2583 Haec
1750 2531 1816 2583 ad
1835 2533 2112 2600 orientem,

272 2619 398 2671 haec
434 2618 499 2669 ad
534 2618 861 2669 occidentem
897 2633 1066 2670 vocat.
1136 2618 1349 2670 Videbis
1385 2635 1543 2687 quam
1579 2617 1758 2670 validis
1792 2617 1916 2669 hinc
1951 2633 2113 2689 atque

273 2705 416 2756 illinc
444 2705 761 2772 argumentis
790 2723 1016 2773 premor.
1953 2753 1966 2764 ,

208 2817 252 2859 ¹5
344 2790 461 2842 Scio
506 2790 721 2860 quidem
766 2791 821 2841 in
866 2791 1017 2842 rebus
1062 2790 1301 2842 humanis
1346 2791 1455 2841 fere
1499 2789 1741 2841 omnibus
1788 2789 1918 2841 nihil
1961 2790 2113 2843 solidi
2159 2809 2165 2815 ·

274 2878 451 2928 inesse.
515 2877 728 2944 Magna,
758 2878 811 2927 ni
837 2877 1004 2942 fallor,
1033 2878 1086 2929 in
1114 2891 1264 2946 parte
1289 2894 1530 2928 curarum
1558 2889 1881 2945 actuumque
1905 2889 2111 2928 nostro-

275 2982 392 3015 rum
447 2962 643 3014 umbris
697 2962 973 3016 eludimur.
1063 2964 1286 3028 Tamen,
1342 2976 1402 3014 ut
1455 2976 1532 3014 est
1586 2963 1786 3021 animus
1839 2963 2127 3029 iuvenum,-

275 3050 467 3118 gloriae
494 3049 827 3117 appetentior
854 3067 1013 3118 quam
1041 3050 1268 3113 virtutiS,
1297 3067 1390 3100 cur
1418 3066 1524 3099 non
1551 3066 1663 3116 ege,
1692 3049 1943 3117 quoniam
1971 3050 2113 3118 apud

278 3150 332 3188 te
380 3135 704 3186 familiariter
753 3134 1007 3203 gloriandi
1059 3148 1282 3203 praestas
1334 3133 1619 3198 audaciam,
1673 3147 1781 3185 tam
1831 3133 1932 3185 hoc
1981 3134 2113 3188 mihi

210 3245 254 3272 2c
276 3222 556 3292 gloriosum
597 3240 722 3286 rear,
763 3240 921 3290 quam
960 3220 1055 3272 sibi
1095 3221 1219 3272 olim
1258 3221 1647 3290 potentissimus
1685 3220 1894 3272 Africae
1930 3238 2111 3290 regum
