2242 3600
249 194 312 252 ss
390 185 397 195 '
549 187 552 192 ’
744 189 1242 251 FRANC'ISCO
1295 199 1590 252 PRloRl

247 328 523 396 operosius.
608 326 715 378 Sub
763 326 1121 378 ardentissimo
1166 327 1287 391 sole,
1335 328 1420 379 vix
1466 327 1651 379 cicadis
1699 342 1897 381 aestum
1946 329 2076 382 tole-

248 412 497 478 rantibus,
539 426 677 464 totos
722 412 826 463 dies
865 412 971 481 agit
1008 412 1063 463 in
1106 413 1315 482 campis,
1355 426 1409 464 et
1450 412 1711 465 Cancrum
1750 428 1803 466 et
1842 415 2075 467 Leonem

248 498 432 551 durata
483 512 604 550 cute
655 498 965 550 contemnit.
1055 497 1179 550 Sero
1231 498 1449 551 domum
1502 498 1702 551 rediens
1755 500 1955 574 apicula
2004 501 2076 552 sic

176 608 225 648 30
245 585 556 636 indefessum
581 584 731 636 rebus
756 583 1048 636 domesticis
1069 584 1284 636 adhibet
1305 585 1669 654 invictumque
1691 586 2073 655 corpusculum,

246 684 306 722 ut
335 690 363 721 e
391 670 622 722 thalamo
650 670 950 722 venientem
979 671 1221 723 iuvenem
1252 670 1386 722 dicas
1410 692 1423 735 3
1474 671 1677 723 nullum
1705 672 1903 724 interea
1931 691 2074 724 mur-

245 772 379 821 mur,
422 756 591 808 nullae
632 755 1004 826 querimoniae,
1046 756 1250 808 nullum
1292 757 1533 809 turbatae
1574 758 1763 809 mentis
1802 757 2074 824 indicium,

244 842 333 893 sed
370 843 466 894 viri
506 857 559 894 et
598 856 842 894 natorum
882 856 935 893 et
974 842 1199 894 familiae
1238 862 1382 894 meae
1419 844 1850 914 venientiumque
1889 843 1954 895 ad
1992 863 2077 896 me

243 928 510 998 hospitum
565 928 881 980 incredibilis
937 948 1075 993 cura,
1131 929 1553 999 incredibilisque
1608 944 1944 1001 contemptus
1997 931 2077 983 sui

174 1029 222 1072 35
245 1015 516 1067 dumtaxat
552 1015 725 1085 ipsius.
797 1014 1148 1085 Ijuifflcmsaxeae
1184 1016 1530 1081 mulierculae·
1551 1017 1770 1069 instrata
1804 1018 2078 1070 sarmentis

244 1116 379 1154 terra
422 1100 740 1167 cubiculum,
784 1101 906 1154 huic
948 1123 1113 1173 prope
1157 1116 1351 1156 terreus
1394 1104 1540 1174 panis
1583 1105 1744 1170 cibus,
1787 1106 2078 1175 vinumque

244 1203 391 1241 aceto
410 1190 621 1242 similius
642 1188 973 1259 lymphisque
993 1189 1353 1259 perdomitum
1373 1204 1528 1260 potus
1556 1205 1648 1242 est.
1713 1190 1766 1242 Si
1793 1191 1922 1262 quid
1943 1190 2076 1243 mol-

243 1275 338 1327 lius
378 1295 620 1346 apponas,
648 1277 751 1327 iarn
792 1275 1135 1328 desuetudine
1173 1275 1467 1345 longissima
1507 1275 1698 1328 durum
1730 1291 1885 1346 putat
1921 1295 2077 1329 omne

243 1361 387 1431 quod
412 1363 625 1415 mulcet.

173 1474 222 1512 40
312 1447 413 1500 Sed
435 1448 743 1501 satis·multa
767 1449 831 1501 de
853 1448 1039 1513 villica,
1065 1466 1198 1518 quae
1221 1448 1317 1500 nisi
1339 1449 1394 1499 in
1417 1450 1603 1517 agresti
1625 1449 1881 1519 scriptura
1903 1449 2079 1502 locum

245 1549 511 1605 repertura
541 1555 646 1587 non
675 1537 863 1587 fuerat.
930 1535 1046 1586 Hoc
1076 1534 1235 1586 modo
1263 1535 1426 1604 igitur
1440 1535 1628 1605 gculos
1659 1536 1868 1605 castigo.
1933 1535 2078 1595 Quid

244 1621 308 1672 de
319 1621 538 1689 auribus
566 1621 735 1673 dicam
765 1625 781 1673 ἓ
845 1621 1044 1673 Cantus
1071 1635 1123 1672 et
1150 1620 1311 1673 tibiae
1336 1635 1389 1673 et
1414 1621 1599 1674 fidium
1625 1621 1864 1687 dulcedo,
1891 1621 2078 1692 quibus

243 1721 387 1759 extra
414 1726 498 1759 me
525 1709 696 1778 ipsum
726 1708 837 1777 rapi
865 1707 1020 1772 soleo,
1051 1706 1181 1759 nulli
1207 1721 1329 1758 sunt
1358 1708 1487 1759 mihi
1510 1728 1523 1771 3
1573 1721 1743 1759 totam
1769 1708 2079 1760 suavitatem

242 1792 383 1844 illam
423 1813 545 1846 aura
585 1794 840 1864 dispersit.
917 1794 1019 1845 Hic
1058 1793 1189 1844 nihil
1226 1794 1459 1858 omnin0,
1499 1808 1705 1863 praeter
1741 1813 1877 1846 raros
1917 1794 2079 1847 boum

171 1893 220 1938 45
243 1881 490 1949 mugitus,
550 1895 639 1932 aut
699 1880 897 1932 balatus
955 1880 1237 1950 pecudum,
1304 1894 1511 1950 praeter
1567 1880 1841 1933 volucrum
1898 1894 2080 1933 cantus

246 1967 662 2038 continuumque
703 1986 942 2020 murmur
984 1986 1239 2038 aquarum
1285 1967 1457 2019 audi0.
1554 1966 1700 2027 Quid
1730 1967 1931 2046 lingua,
1975 1986 2079 2038 qua

242 2072 391 2122 saepe
419 2072 504 2105 me
531 2054 721 2124 ipsum,
752 2045 1021 2106 interdurn
1052 2057 1191 2106 forte
1221 2054 1341 2106 alios
1372 2055 1509 2106 erexi
1537 2058 1554 2106 Β
1620 2054 1781 2106 Nunc
1809 2054 1943 2106 iacet
1971 2054 2080 2124 ipsa

245 2152 297 2189 et
325 2158 351 2190 a
377 2158 528 2192 mane
554 2159 705 2210 saepe
731 2141 797 2192 ad
822 2159 1088 2211 vesperam
1115 2141 1246 2193 silet.
1310 2140 1412 2192 Cui
1438 2141 1578 2192 enim
1603 2140 1851 2210 loquatur
1875 2153 2082 2210 praeter

244 2240 328 2274 me
363 2241 469 2275 non
504 2223 678 2275 habet.
753 2225 865 2276 Iam
905 2244 1030 2277 vero
1063 2223 1239 2293 gulam
1274 2238 1622 2294 yentremque
1653 2223 1723 2275 sic
1757 2223 1981 2288 institui,
2017 2237 2079 2276 ut

175 2331 224 2372 50
243 2326 394 2380 saepe
414 2309 627 2362 bubulci
650 2311 751 2363 mei
773 2312 917 2381 panis
940 2325 993 2363 et
1015 2302 1145 2363 rriihi
1165 2309 1385 2364 sufficiat
1408 2323 1460 2362 et
1481 2329 1631 2380 saepe
1652 2309 1810 2362 etiarn
1833 2309 2079 2375 delectet,

243 2408 298 2446 et
323 2395 533 2448 niveum
559 2396 767 2450 aliunde
791 2398 921 2450 mihi
946 2391 1162 2451 allatum
1186 2396 1386 2461 famuli,
1413 2396 1504 2466 qui
1529 2395 1712 2460 tulere,
1739 2395 2078 2448 manducent.

242 2480 379 2532 Tam
407 2482 730 2534 consuetudo
752 2483 882 2534 mihi
908 2503 1005 2552 pro
1025 2483 1299 2553 voluptate
1326 2495 1418 2535 est.
1483 2482 1672 2552 Itaque
1696 2481 1894 2534 villicus
1916 2500 2080 2546 meuS,

243 2566 717 2636 indulgentissimus
769 2569 1049 2634 familiariS,
1100 2570 1316 2639 ipseque
1350 2569 1443 2642 yir
1491 2587 1666 2620 saxeus
1719 2567 1784 2619 de
1834 2567 1975 2620 nulla
2025 2587 2080 2620 re

244 2671 451 2706 mecum
479 2654 670 2724 litigat,
703 2656 799 2707 nisi
830 2655 974 2725 quod
1006 2655 1184 2708 durior
1214 2654 1345 2706 mihi
1374 2655 1440 2706 sit
1469 2655 1655 2718 victuS,
1675 2644 1846 2723 ⁴quarn
1877 2654 1985 2724 qui,
2017 2667 2079 2706 ut

174 2764 222 2806 55
246 2738 390 2803 dicit,
436 2740 630 2793 diutius
673 2742 796 2793 ferri
839 2755 1013 2811 queat.
1093 2742 1203 2810 Ego
1247 2754 1430 2793 contra
1469 2741 1638 2792 sentio
1681 2740 1876 2793 diutius
1919 2739 2079 2792 talem

243 2825 444 2877 victum
482 2826 690 2878 tolerari
726 2846 871 2897 posse
909 2846 1066 2897 quam
1104 2827 1333 2891 mollem,
1373 2845 1530 2896 quem
1568 2827 1742 2895 magni
1779 2825 1939 2879 taedii
1975 2844 2079 2878 esse

245 2924 298 2962 et
333 2911 566 2981 quinque
605 2912 785 2964 diebus
813 2914 1115 2965 'continuari
1149 2932 1256 2965 non
1293 2931 1453 2984 posse,
1492 2910 1751 2981 Satyricus
1786 2912 1875 2963 ait.
1946 2912 2075 2976 Vva,

246 2996 388 3062 ficuS,
435 3017 590 3050 nuces
636 3012 689 3050 et
735 2999 1035 3068 amygdalae
1081 2999 1293 3051 deliciae
1338 3017 1481 3050 meae
1525 3011 1663 3050 sunt.
1745 2996 1947 3057 Quibus
1992 2997 2077 3049 hic

244 3081 430 3136 fluvius
457 3083 690 3136 abundat
717 3084 973 3154 pisciculis
1002 3084 1250 3150 delector,
1279 3102 1549 3153 nunquam
1576 3084 1736 3153 magis
1763 3101 1919 3153 quam
1948 3081 2075 3135 dum

173 3183 221 3221 60
246 3169 541 3238 capiuntur,
578 3169 721 3239 quod
753 3170 982 3222 studiose
1017 3171 1175 3222 etiam
1206 3170 1445 3249 inspiciO,
1479 3170 1730 3240 iuvatque
1762 3170 1864 3221 iam
1897 3168 2075 3253 hamos

246 3273 303 3308 ac
327 3269 458 3329 retia
487 3269 723 3308 tractare.
