2242 3600
260 173 357 227 124
628 155 1022 208 IOHANNI
1081 156 1190 209 DE
1246 156 1726 212 CERTALDO

251 284 483 338 sentibus
511 285 652 337 aliud
672 303 830 355 quam
855 284 1063 337 laudem
1086 299 1139 337 et
1165 285 1382 355 gloriam
1408 287 1504 338 viri
1530 301 1679 339 sonat
1707 328 1720 340 .
1750 328 1763 340 .
1792 328 1805 340 .
1869 287 1973 358 [No
1998 307 2086 342 one

253 369 343 420 has
373 389 487 422 ever
517 371 725 422 reached
760 370 838 422 the
871 371 1061 440 highest
1092 371 1217 423 rank
1254 373 1307 424 in
1340 372 1411 424 all
1442 372 1674 425 branches
1706 373 1763 441 of
1783 371 2086 443 literature]

254 456 370 508 Vno
396 457 451 507 in
476 476 663 525 genere
690 456 981 509 excelluisse
1006 458 1124 510 satis
1153 472 1228 510 est
1257 499 1268 510 .
1300 499 1311 510 .
1344 500 1355 510 .

292 579 297 584 -
323 541 427 612 [He
457 542 640 594 admits
669 542 746 594 his
776 542 1108 595 indebtedness
1148 556 1191 595 to
1229 544 1491 597 Boccaccio
1531 546 1584 597 in
1615 546 1743 598 their
1770 546 2003 598 relations
2031 565 2088 597 as

159 644 228 686 ¹15
235 627 479 697 friends]
552 629 759 697 Nempe
785 642 845 680 ut
870 628 1044 680 sileam
1071 629 1254 694 multa,
1280 631 1371 682 ubi
1395 650 1479 682 me
1515 632 1616 683 tuis
1646 631 1903 702 obsequiis
1926 644 2087 702 atque

252 713 510 765 amicitiae
534 713 835 765 muneribus
856 715 1057 766 victum
1080 716 1202 780 scio,
1225 734 1390 768 unum
1409 716 1541 769 illud
1561 716 1793 769 oblivisci
1814 735 2084 787 nunquam

251 800 458 868 possim,
478 799 622 869 quod
644 813 703 851 tu
721 799 846 851 olim
864 819 947 852 me
969 800 1151 853 Italiae
1167 801 1342 854 medio
1358 802 1458 854 iter
1474 803 1803 855 festinantius
1825 816 2085 872 agentem,

251 886 354 936 iam
371 885 630 937 saeviente
648 885 850 950 bruma,
867 905 971 938 non
990 887 1261 940 affectibus
1277 887 1411 953 solis,
1426 888 1517 958 qui
1534 889 1677 959 quasi
1695 888 1909 959 quidam
1926 889 2086 941 animi

251 990 421 1040 passus
454 985 594 1036 sunt,
621 971 711 1022 sed
735 991 984 1042 corporeo
1011 974 1168 1025 etiam
1194 988 1345 1026 motu
1380 974 1530 1040 celer,
1558 976 1692 1027 miro
1717 974 1954 1027 nondum
1991 975 2086 1028 visi

160 1080 230 1108 120
250 1057 474 1109 hominis
496 1057 766 1123 desideri0‚
789 1059 1118 1128 praevenisti,
1140 1060 1416 1130 praemisso
1436 1060 1578 1113 haud
1601 1060 1819 1130 ignobili
1840 1061 2084 1114 carmine.

249 1143 429 1214 Atque
453 1144 527 1196 ita
551 1144 691 1214 prius
727 1144 924 1214 ingenii
949 1159 1001 1197 et
1028 1164 1149 1198 mox
1177 1146 1405 1216 corporis
1437 1147 1515 1198 tui
1540 1146 1748 1199 vultum
1772 1146 1901 1198 mihi
1926 1137 2085 1217 quem

251 1248 422 1281 amare
444 1229 738 1282 decreveras
765 1230 1055 1283 ostendisti.
1118 1231 1239 1283 Sera
1268 1245 1445 1284 tamen
1472 1231 1574 1284 diei
1598 1231 1733 1285 illius
1762 1247 1815 1285 et
1844 1232 2086 1302 ambigua

249 1317 352 1367 iam
386 1315 477 1368 lux
511 1331 639 1382 erat,
674 1316 801 1368 dum
834 1335 918 1368 me
948 1316 1105 1386 longo
1136 1317 1458 1387 postliminio
1497 1317 1824 1384 redeuntem,
1856 1332 1909 1371 et
1947 1319 2086 1371 intra

251 1421 425 1454 muros
448 1402 661 1454 tandem
688 1403 882 1473 patrios
910 1402 1307 1473 deprehensum,
1329 1403 1553 1456 officiosa
1579 1419 1632 1457 et
1657 1424 1810 1475 supra
1836 1405 2084 1458 meritum

158 1513 226 1553 125·
252 1490 509 1541 reverenti
534 1488 847 1541 salutatione
874 1489 1190 1559 complexus,
1218 1491 1475 1543 renovasti
1497 1491 1647 1544 illum
1667 1492 1936 1561 poeticum
1962 1510 2084 1544 cum
2131 1511 2133 1513 ·

249 1574 473 1627 Anchise
500 1594 828 1644 congressum
855 1576 984 1645 regis
1012 1575 1251 1628 Arcadii:
1302 1577 1417 1628 ‘cui
1450 1595 1592 1629 mens
1624 1577 1837 1630 iuvenili
1869 1576 2085 1629 ardebat

249 1680 423 1713 amore
452 1661 780 1732 Compellare
807 1663 978 1714 virum
1006 1676 1059 1714 et
1087 1662 1300 1714 dextrae
1327 1663 1640 1732 coniungere
1665 1663 1903 1716 dextram
1921 1666 1954 1715 ².

249 1788 260 1799 .
293 1788 304 1799 .
336 1789 346 1799 .
374 1747 464 1817 [In
488 1748 744 1816 gratitude
780 1760 835 1799 at
869 1766 968 1817 any
1007 1760 1115 1799 rate
1153 1748 1212 1800 P.
1250 1749 1293 1801 is
1322 1761 1404 1800 not
1437 1749 1694 1819 surpassed
1729 1749 1790 1819 by
1820 1768 1920 1820 any
1957 1747 2088 1820 ona]

246 1834 387 1886 Vale.
459 1833 658 1904 [1359]

649 2138 903 2198 Iohanni
930 2139 999 2198 de
1031 2139 1317 2198 CertaldO.
1406 2139 1461 2197 V
1462 2160 1548 2196 ar.
1582 2154 1673 2214 25.

302 2275 675 2328 VCVNDVM
712 2277 983 2345 negotium
1021 2291 1141 2329 tuae
1194 2278 1323 2329 mihi
1366 2295 1568 2346 semper
1616 2275 1842 2327 afferunt
1886 2274 2078 2344 episto-

300 2362 413 2426 lae;
471 2362 561 2413 sed
603 2376 718 2414 tum
765 2363 988 2414 maxime
1030 2364 1157 2416 dum
1193 2363 1382 2434 &latii
1408 2381 1558 2432 egens
1602 2380 1733 2426 sum,
1772 2380 1905 2431 quae
1949 2360 2113 2413 mihi'

245 2463 439 2518 egestas
485 2450 624 2501 inter
670 2451 808 2502 vitae
856 2451 1026 2503 taedia
1072 2453 1313 2521 frequens
1360 2444 1453 2502 est.
1536 2450 1661 2501 Non
1706 2467 1914 2520 possum
1958 2444 2079 2501 sane

246 2535 570 2605 praetervehi
602 2536 832 2605 primum
862 2536 995 2588 illud
1027 2537 1331 2607 ambiguum
1364 2536 1454 2588 ubi
1487 2536 1573 2600 ais,
1606 2534 1782 2587 videre
1815 2548 1869 2587 te
1898 2535 2018 2587 satis
2050 2554 2080 2587 e

203 2641 476 2687 5successu
512 2641 686 2674 rerum
723 2642 956 2675 mearum
992 2623 1440 2675 Mediolanensem
1476 2641 1560 2674 me
1594 2635 1912 2691 perpetu-um
1947 2622 2075 2674 fore.

246 2708 330 2759 De
369 2728 476 2778 quo
515 2708 659 2778 quod
698 2710 883 2761 sentias
922 2709 1051 2775 siles,
1092 2710 1283 2761 silentii
1322 2728 1469 2761 causa
1509 2727 1756 2778 expressa,
1798 2706 1930 2777 quae
1969 2708 2078 2777 ipsa

245 2809 386 2847 certe
416 2814 521 2846 non
551 2794 683 2859 silet,
716 2796 860 2865 quod
889 2796 1132 2848 videlicet
1161 2797 1216 2848 in
1245 2795 1557 2848 sententiam
1589 2812 1758 2845 meam
1788 2793 1861 2846 nil
1891 2793 2076 2846 audeas

245 2881 430 2933 dicere.
494 2881 577 2932 Ita
605 2880 730 2933 dum
759 2881 888 2933 nihil
915 2881 1057 2946 dicis,
1084 2882 1233 2952 plura
1260 2881 1383 2933 dicis
1410 2899 1567 2951 quam
1592 2880 1633 2931 si
1660 2879 1826 2958 multa
1853 2879 2098 2932 dixisses.⁴

244 2967 407 3037 Saepe
435 2958 608 3019 hercle
635 2959 902 3019 silentium
932 2953 1806 3037 artificiosae'eloquentiae'magna
1834 2984 1948 3036 pars
1979 2954 2090 3017 θεῖ

176 3078 221 3106 10
240 3054 408 3106 Video
441 3073 563 3123 ergo
595 3053 649 3104 in
676 3053 758 3105 <his
791 3053 959 3106 verbis
994 3068 1101 3106 tam
1134 3055 1308 3124 paucis
1341 3052 1687 3122 multiplicem
1720 3066 1774 3104 et
1805 3052 2074 3122 ingentem

240 3139 646 3193 sollicitudinem
690 3159 747 3191 ac
791 3140 1202 3210 praevidentiam
1247 3154 1410 3205 tuam,
1455 3158 1549 3191 nec
1594 3153 1740 3191 tuam
1783 3137 1942 3190 modo
1983 3135 2074 3190 sed

243 3226 550 3279 multorum.
628 3225 799 3278 Amici
842 3227 981 3278 enim
1024 3229 1187 3279 ferme
1229 3245 1424 3291 omne8‚
1466 3225 1543 3277 his
1585 3224 1811 3295 exceptis
1854 3223 1945 3294 qui
1986 3222 2072 3276 hic
