<?xml version="1.0" encoding="UTF-8"?>
<!DOCTYPE html PUBLIC "-//W3C//DTD XHTML 1.0 Transitional//EN"
    "http://www.w3.org/TR/xhtml1/DTD/xhtml1-transitional.dtd">
<html xmlns="http://www.w3.org/1999/xhtml" xml:lang="en" lang="en">
 <head>
  <title>
</title>
<meta http-equiv="Content-Type" content="text/html;charset=utf-8" />
  <meta name='ocr-system' content='tesseract 3.04.00' />
  <meta name='ocr-capabilities' content='ocr_page ocr_carea ocr_par ocr_line ocrx_word'/>
</head>
<body>
  <div class='ocr_page' id='page_1' title='image "./epistolaeselecta00petruoft_0096.png"; bbox 0 0 2242 3600; ppageno 0'>
   <div class='ocr_carea' id='block_1_1' title="bbox 245 175 1712 229">
    <p class='ocr_par' dir='ltr' id='par_1_1' title="bbox 245 175 1712 229">
     <span class='ocr_line' id='line_1_1' title="bbox 245 175 1712 229; baseline 0.001 -1"><span class='ocrx_word' id='word_1_1' title='bbox 245 180 311 228; x_wconf 90' lang='lat'>80</span> <span class='ocrx_word' id='word_1_2' title='bbox 666 175 1155 228; x_wconf 91' lang='lat' dir='ltr'><strong>RAYNALDO</strong></span> <span class='ocrx_word' id='word_1_3' title='bbox 1210 175 1712 229; x_wconf 91' lang='lat' dir='ltr'>VERONENSI</span> 
     </span>
    </p>
   </div>
   <div class='ocr_carea' id='block_1_2' title="bbox 174 290 2091 2104">
    <p class='ocr_par' dir='ltr' id='par_1_2' title="bbox 174 290 2082 718">
     <span class='ocr_line' id='line_1_2' title="bbox 174 290 2080 384; baseline 0 -27"><span class='ocrx_word' id='word_1_4' title='bbox 174 330 222 367; x_wconf 87' lang='lat'>30</span> <span class='ocrx_word' id='word_1_5' title='bbox 245 306 527 370; x_wconf 89' lang='lat' dir='ltr'>accidisset,</span> <span class='ocrx_word' id='word_1_6' title='bbox 546 325 664 357; x_wconf 93' lang='lat' dir='ltr'>meo</span> <span class='ocrx_word' id='word_1_7' title='bbox 680 304 935 375; x_wconf 92' lang='lat' dir='ltr'>praesidio</span> <span class='ocrx_word' id='word_1_8' title='bbox 953 304 1268 357; x_wconf 89' lang='lat' dir='ltr'>destitutum</span> <span class='ocrx_word' id='word_1_9' title='bbox 1285 325 1430 358; x_wconf 88' lang='lat' dir='ltr'>saeva</span> <span class='ocrx_word' id='word_1_10' title='bbox 1447 290 1727 384; x_wconf 49' lang='lat' dir='ltr'>paupertas</span> <span class='ocrx_word' id='word_1_11' title='bbox 1740 306 2080 376; x_wconf 89' lang='lat' dir='ltr'>opprimeret,</span> 
     </span>
     <span class='ocr_line' id='line_1_3' title="bbox 244 391 2081 460; baseline 0 -16"><span class='ocrx_word' id='word_1_12' title='bbox 244 392 595 444; x_wconf 89' lang='lat' dir='ltr'>studiosorum</span> <span class='ocrx_word' id='word_1_13' title='bbox 623 392 800 454; x_wconf 81' lang='lat' dir='ltr'>hostiS,</span> <span class='ocrx_word' id='word_1_14' title='bbox 823 404 983 460; x_wconf 88' lang='lat' dir='ltr'>atque</span> <span class='ocrx_word' id='word_1_15' title='bbox 1009 410 1270 460; x_wconf 82' lang='lat' dir='ltr'><strong>emergere</strong></span> <span class='ocrx_word' id='word_1_16' title='bbox 1296 391 1592 443; x_wconf 87' lang='lat' dir='ltr'>volentibus</span> <span class='ocrx_word' id='word_1_17' title='bbox 1620 391 1947 444; x_wconf 86' lang='lat' dir='ltr'>obstaculum</span> <span class='ocrx_word' id='word_1_18' title='bbox 1974 411 2081 445; x_wconf 90' lang='lat' dir='ltr'>non</span> 
     </span>
     <span class='ocr_line' id='line_1_4' title="bbox 244 477 2080 548; baseline 0.001 -20"><span class='ocrx_word' id='word_1_19' title='bbox 244 479 413 529; x_wconf 91' lang='lat' dir='ltr'>minus</span> <span class='ocrx_word' id='word_1_20' title='bbox 454 496 611 547; x_wconf 89' lang='lat' dir='ltr'>quam</span> <span class='ocrx_word' id='word_1_21' title='bbox 651 478 932 529; x_wconf 81' lang='lat' dir='ltr'><strong>immensae</strong></span> <span class='ocrx_word' id='word_1_22' title='bbox 977 477 1224 541; x_wconf 84' lang='lat' dir='ltr'>divitiae3</span> <span class='ocrx_word' id='word_1_23' title='bbox 1283 478 1387 530; x_wconf 89' lang='lat' dir='ltr'>sive</span> <span class='ocrx_word' id='word_1_24' title='bbox 1432 478 1590 529; x_wconf 90' lang='lat' dir='ltr'>etiam</span> <span class='ocrx_word' id='word_1_25' title='bbox 1636 497 1698 528; x_wconf 94' lang='lat' dir='ltr'>eo</span> <span class='ocrx_word' id='word_1_26' title='bbox 1737 479 1899 530; x_wconf 90' lang='lat' dir='ltr'>maius</span> <span class='ocrx_word' id='word_1_27' title='bbox 1937 477 2080 548; x_wconf 91' lang='lat' dir='ltr'>quod</span> 
     </span>
     <span class='ocr_line' id='line_1_5' title="bbox 246 545 2082 633; baseline 0.001 -18"><span class='ocrx_word' id='word_1_28' title='bbox 246 564 546 616; x_wconf 88' lang='lat' dir='ltr'>divitiarum</span> <span class='ocrx_word' id='word_1_29' title='bbox 580 563 782 632; x_wconf 89' lang='lat' dir='ltr'>pondus</span> <span class='ocrx_word' id='word_1_30' title='bbox 818 545 1038 614; x_wconf 63' lang='lat' dir='ltr'>abiicere</span> <span class='ocrx_word' id='word_1_31' title='bbox 1069 582 1355 633; x_wconf 88' lang='lat' dir='ltr'>p·,ossumus</span> <span class='ocrx_word' id='word_1_32' title='bbox 1389 564 1429 614; x_wconf 92' lang='lat' dir='ltr'>si</span> <span class='ocrx_word' id='word_1_33' title='bbox 1461 563 1699 616; x_wconf 87' lang='lat' dir='ltr'>volumus</span> <span class='ocrx_word' id='word_1_34' title='bbox 1728 564 1893 633; x_wconf 91' lang='lat' dir='ltr'>(quod</span> <span class='ocrx_word' id='word_1_35' title='bbox 1926 563 2082 616; x_wconf 90' lang='lat' dir='ltr'>multi</span> 
     </span>
     <span class='ocr_line' id='line_1_6' title="bbox 243 650 2082 737; baseline -0.001 -34"><span class='ocrx_word' id='word_1_36' title='bbox 243 651 339 703; x_wconf 89' lang='lat' dir='ltr'>viri</span> <span class='ocrx_word' id='word_1_37' title='bbox 372 650 693 702; x_wconf 82' lang='lat' dir='ltr'>famosissimi</span> <span class='ocrx_word' id='word_1_38' title='bbox 723 650 1001 737; x_wconf 83' lang='lat' dir='ltr'>fecerunt),</span> <span class='ocrx_word' id='word_1_39' title='bbox 1034 650 1270 718; x_wconf 85' lang='lat' dir='ltr'>egestatis</span> <span class='ocrx_word' id='word_1_40' title='bbox 1308 650 1558 701; x_wconf 81' lang='lat' dir='ltr'>sarcinam</span> <span class='ocrx_word' id='word_1_41' title='bbox 1597 663 1840 702; x_wconf 81' lang='lat' dir='ltr'><strong>excutere</strong></span> <span class='ocrx_word' id='word_1_42' title='bbox 1869 669 1975 702; x_wconf 91' lang='lat' dir='ltr'>non</span> <span class='ocrx_word' id='word_1_43' title='bbox 2005 663 2082 702; x_wconf 93' lang='lat' dir='ltr'>est</span> 
     </span>
    </p>

    <p class='ocr_par' dir='ltr' id='par_1_3' title="bbox 174 724 2091 977">
     <span class='ocr_line' id='line_1_7' title="bbox 174 724 2091 805; baseline 0 -19"><span class='ocrx_word' id='word_1_44' title='bbox 174 754 221 795; x_wconf 85' lang='lat'>35</span> <span class='ocrx_word' id='word_1_45' title='bbox 244 737 299 787; x_wconf 92' lang='lat' dir='ltr'>in</span> <span class='ocrx_word' id='word_1_46' title='bbox 330 749 503 787; x_wconf 89' lang='lat' dir='ltr'>nostra</span> <span class='ocrx_word' id='word_1_47' title='bbox 529 748 807 804; x_wconf 86' lang='lat' dir='ltr'>potestate</span> <span class='ocrx_word' id='word_1_48' title='bbox 849 724 1031 787; x_wconf 91' lang='lat' dir='ltr'>Hunc</span> <span class='ocrx_word' id='word_1_49' title='bbox 1058 736 1218 804; x_wconf 91' lang='lat' dir='ltr'>igitur</span> <span class='ocrx_word' id='word_1_50' title='bbox 1239 753 1446 787; x_wconf 88' lang='lat' dir='ltr'>mecum</span> <span class='ocrx_word' id='word_1_51' title='bbox 1474 754 1578 787; x_wconf 91' lang='lat' dir='ltr'>esse</span> <span class='ocrx_word' id='word_1_52' title='bbox 1603 736 1739 800; x_wconf 89' lang='lat' dir='ltr'>iussi,</span> <span class='ocrx_word' id='word_1_53' title='bbox 1758 749 1819 787; x_wconf 89' lang='lat' dir='ltr'>ut</span> <span class='ocrx_word' id='word_1_54' title='bbox 1841 734 2091 805; x_wconf 12' lang='lat' dir='ltr'>omnibus*</span> 
     </span>
     <span class='ocr_line' id='line_1_8' title="bbox 246 821 2082 891; baseline -0.001 -18"><span class='ocrx_word' id='word_1_55' title='bbox 246 841 480 891; x_wconf 89' lang='lat' dir='ltr'>praesens</span> <span class='ocrx_word' id='word_1_56' title='bbox 522 822 676 886; x_wconf 91' lang='lat' dir='ltr'>horis,</span> <span class='ocrx_word' id='word_1_57' title='bbox 720 840 910 891; x_wconf 91' lang='lat' dir='ltr'>meque</span> <span class='ocrx_word' id='word_1_58' title='bbox 948 822 1261 874; x_wconf 90' lang='lat' dir='ltr'>conditionis</span> <span class='ocrx_word' id='word_1_59' title='bbox 1304 841 1423 874; x_wconf 93' lang='lat' dir='ltr'>suae</span> <span class='ocrx_word' id='word_1_60' title='bbox 1467 822 1750 874; x_wconf 88' lang='lat' dir='ltr'>admonens</span> <span class='ocrx_word' id='word_1_61' title='bbox 1793 840 1850 873; x_wconf 92' lang='lat' dir='ltr'>ac</span> <span class='ocrx_word' id='word_1_62' title='bbox 1893 821 2082 874; x_wconf 88' lang='lat' dir='ltr'>tacitus</span> 
     </span>
     <span class='ocr_line' id='line_1_9' title="bbox 245 907 1860 977; baseline 0 -18"><span class='ocrx_word' id='word_1_63' title='bbox 245 907 596 977; x_wconf 88' lang='lat' dir='ltr'>interpellans,</span> <span class='ocrx_word' id='word_1_64' title='bbox 624 921 907 976; x_wconf 90' lang='lat' dir='ltr'>conspectu</span> <span class='ocrx_word' id='word_1_65' title='bbox 937 927 1029 960; x_wconf 94' lang='lat' dir='ltr'>suo</span> <span class='ocrx_word' id='word_1_66' title='bbox 1060 908 1365 959; x_wconf 88' lang='lat' dir='ltr'>tarditatem</span> <span class='ocrx_word' id='word_1_67' title='bbox 1395 927 1564 960; x_wconf 91' lang='lat' dir='ltr'>meam</span> <span class='ocrx_word' id='word_1_68' title='bbox 1595 908 1860 959; x_wconf 89' lang='lat' dir='ltr'>excitaret.</span> 
     </span>
    </p>

    <p class='ocr_par' dir='ltr' id='par_1_4' title="bbox 247 993 2082 1156">
     <span class='ocr_line' id='line_1_10' title="bbox 314 993 2081 1066; baseline 0.001 -22"><span class='ocrx_word' id='word_1_69' title='bbox 314 994 503 1045; x_wconf 80' lang='lat' dir='ltr'>Adfuit</span> <span class='ocrx_word' id='word_1_70' title='bbox 531 994 762 1045; x_wconf 90' lang='lat' dir='ltr'>humano</span> <span class='ocrx_word' id='word_1_71' title='bbox 789 994 952 1062; x_wconf 90' lang='lat' dir='ltr'>pietas</span> <span class='ocrx_word' id='word_1_72' title='bbox 978 994 1151 1046; x_wconf 89' lang='lat' dir='ltr'>divina</span> <span class='ocrx_word' id='word_1_73' title='bbox 1178 993 1406 1046; x_wconf 90' lang='lat' dir='ltr'>consilio.</span> <span class='ocrx_word' id='word_1_74' title='bbox 1466 994 1654 1065; x_wconf 91' lang='lat' dir='ltr'>Itaque</span> <span class='ocrx_word' id='word_1_75' title='bbox 1680 995 1783 1046; x_wconf 91' lang='lat' dir='ltr'>iam</span> <span class='ocrx_word' id='word_1_76' title='bbox 1819 1007 2081 1066; x_wconf 88' lang='lat' dir='ltr'>quantum</span> 
     </span>
     <span class='ocr_line' id='line_1_11' title="bbox 247 1079 2082 1156; baseline 0 -25"><span class='ocrx_word' id='word_1_77' title='bbox 247 1082 364 1131; x_wconf 90' lang='lat' dir='ltr'>satis</span> <span class='ocrx_word' id='word_1_78' title='bbox 388 1094 463 1131; x_wconf 93' lang='lat' dir='ltr'>est</span> <span class='ocrx_word' id='word_1_79' title='bbox 487 1080 655 1156; x_wconf 61' lang='lat' dir='ltr'>dives3</span> <span class='ocrx_word' id='word_1_80' title='bbox 685 1080 961 1132; x_wconf 90' lang='lat' dir='ltr'>canonicus</span> <span class='ocrx_word' id='word_1_81' title='bbox 978 1080 1284 1131; x_wconf 91' lang='lat' dir='ltr'>Veronensis</span> <span class='ocrx_word' id='word_1_82' title='bbox 1304 1080 1368 1131; x_wconf 92' lang='lat' dir='ltr'>ad</span> <span class='ocrx_word' id='word_1_83' title='bbox 1387 1094 1441 1131; x_wconf 93' lang='lat' dir='ltr'>te</span> <span class='ocrx_word' id='word_1_84' title='bbox 1460 1079 1613 1144; x_wconf 90' lang='lat' dir='ltr'>redit,</span> <span class='ocrx_word' id='word_1_85' title='bbox 1633 1080 1717 1132; x_wconf 91' lang='lat' dir='ltr'>cui</span> <span class='ocrx_word' id='word_1_86' title='bbox 1736 1080 1904 1149; x_wconf 88' lang='lat' dir='ltr'>prima</span> <span class='ocrx_word' id='word_1_87' title='bbox 1924 1079 2082 1131; x_wconf 91' lang='lat' dir='ltr'>debet</span> 
     </span>
    </p>

    <p class='ocr_par' dir='ltr' id='par_1_5' title="bbox 177 1166 2085 1582">
     <span class='ocr_line' id='line_1_12' title="bbox 177 1166 2082 1236; baseline -0.001 -16"><span class='ocrx_word' id='word_1_88' title='bbox 177 1196 224 1231; x_wconf 73' lang='lat'>40</span> <span class='ocrx_word' id='word_1_89' title='bbox 247 1167 501 1236; x_wconf 89' lang='lat' dir='ltr'>pueritiae</span> <span class='ocrx_word' id='word_1_90' title='bbox 521 1166 835 1218; x_wconf 91' lang='lat' dir='ltr'>rudimenta.</span> <span class='ocrx_word' id='word_1_91' title='bbox 893 1167 1086 1236; x_wconf 90' lang='lat' dir='ltr'>Excipe</span> <span class='ocrx_word' id='word_1_92' title='bbox 1106 1167 1272 1231; x_wconf 91' lang='lat' dir='ltr'>illum,</span> <span class='ocrx_word' id='word_1_93' title='bbox 1295 1185 1501 1236; x_wconf 85' lang='lat' dir='ltr'>quaeso,</span> <span class='ocrx_word' id='word_1_94' title='bbox 1524 1167 1854 1218; x_wconf 86' lang='lat' dir='ltr'>humanitate</span> <span class='ocrx_word' id='word_1_95' title='bbox 1879 1166 1964 1218; x_wconf 84' lang='lat' dir='ltr'>illa</span> <span class='ocrx_word' id='word_1_96' title='bbox 1992 1179 2082 1219; x_wconf 89' lang='lat' dir='ltr'>tua</span> 
     </span>
     <span class='ocr_line' id='line_1_13' title="bbox 227 1253 2081 1323; baseline 0 -19"><span class='ocrx_word' id='word_1_97' title='bbox 227 1254 530 1317; x_wconf 85' lang='lat' dir='ltr'>notissima,</span> <span class='ocrx_word' id='word_1_98' title='bbox 561 1266 612 1303; x_wconf 89' lang='lat' dir='ltr'>et</span> <span class='ocrx_word' id='word_1_99' title='bbox 640 1253 832 1317; x_wconf 83' lang='lat' dir='ltr'>insiste,</span> <span class='ocrx_word' id='word_1_100' title='bbox 861 1254 900 1304; x_wconf 91' lang='lat' dir='ltr'>si</span> <span class='ocrx_word' id='word_1_101' title='bbox 928 1272 1031 1323; x_wconf 86' lang='lat' dir='ltr'>qua</span> <span class='ocrx_word' id='word_1_102' title='bbox 1057 1254 1138 1306; x_wconf 87' lang='lat' dir='ltr'>via</span> <span class='ocrx_word' id='word_1_103' title='bbox 1165 1267 1258 1317; x_wconf 88' lang='lat' dir='ltr'>est,</span> <span class='ocrx_word' id='word_1_104' title='bbox 1287 1267 1347 1304; x_wconf 92' lang='lat' dir='ltr'>ut</span> <span class='ocrx_word' id='word_1_105' title='bbox 1383 1253 1530 1304; x_wconf 90' lang='lat' dir='ltr'>tarde</span> <span class='ocrx_word' id='word_1_106' title='bbox 1562 1254 1887 1321; x_wconf 85' lang='lat' dir='ltr'>surgentium</span> <span class='ocrx_word' id='word_1_107' title='bbox 1913 1253 2081 1305; x_wconf 86' lang='lat' dir='ltr'>viato-</span> 
     </span>
     <span class='ocr_line' id='line_1_14' title="bbox 250 1339 2085 1409; baseline 0 -19"><span class='ocrx_word' id='word_1_108' title='bbox 250 1358 366 1391; x_wconf 91' lang='lat' dir='ltr'>rum</span> <span class='ocrx_word' id='word_1_109' title='bbox 399 1358 543 1390; x_wconf 90' lang='lat' dir='ltr'>more</span> <span class='ocrx_word' id='word_1_110' title='bbox 575 1340 824 1390; x_wconf 89' lang='lat' dir='ltr'>matutini</span> <span class='ocrx_word' id='word_1_111' title='bbox 862 1340 1110 1409; x_wconf 90' lang='lat' dir='ltr'>temporis</span> <span class='ocrx_word' id='word_1_112' title='bbox 1138 1340 1391 1390; x_wconf 88' lang='lat' dir='ltr'>iacturam</span> <span class='ocrx_word' id='word_1_113' title='bbox 1427 1339 1711 1390; x_wconf 90' lang='lat' dir='ltr'>meridiana</span> <span class='ocrx_word' id='word_1_114' title='bbox 1750 1339 2085 1403; x_wconf 75' lang='lat' dir='ltr'>festinatione</span> 
     </span>
     <span class='ocr_line' id='line_1_15' title="bbox 252 1424 2082 1490; baseline -0.001 -13"><span class='ocrx_word' id='word_1_115' title='bbox 252 1439 520 1477; x_wconf 89' lang='lat' dir='ltr'>restauret.</span> <span class='ocrx_word' id='word_1_116' title='bbox 585 1426 729 1484; x_wconf 89' lang='lat' dir='ltr'>Quid</span> <span class='ocrx_word' id='word_1_117' title='bbox 761 1426 976 1477; x_wconf 89' lang='lat' dir='ltr'>ulterius</span> <span class='ocrx_word' id='word_1_118' title='bbox 1021 1426 1229 1478; x_wconf 83' lang='lat' dir='ltr'>dicam?</span> <span class='ocrx_word' id='word_1_119' title='bbox 1299 1427 1457 1476; x_wconf 93' lang='lat' dir='ltr'>Dono</span> <span class='ocrx_word' id='word_1_120' title='bbox 1489 1426 1629 1477; x_wconf 91' lang='lat' dir='ltr'>hunc</span> <span class='ocrx_word' id='word_1_121' title='bbox 1661 1426 1929 1476; x_wconf 93' lang='lat' dir='ltr'>hominem</span> <span class='ocrx_word' id='word_1_122' title='bbox 1966 1424 2082 1490; x_wconf 90' lang='lat' dir='ltr'>tibi,</span> 
     </span>
     <span class='ocr_line' id='line_1_16' title="bbox 249 1510 2084 1582; baseline -0.001 -19"><span class='ocrx_word' id='word_1_123' title='bbox 249 1531 407 1582; x_wconf 91' lang='lat' dir='ltr'>quem</span> <span class='ocrx_word' id='word_1_124' title='bbox 462 1511 729 1562; x_wconf 91' lang='lat' dir='ltr'>meliorem</span> <span class='ocrx_word' id='word_1_125' title='bbox 783 1512 913 1562; x_wconf 89' lang='lat' dir='ltr'>mihi</span> <span class='ocrx_word' id='word_1_126' title='bbox 967 1512 1222 1576; x_wconf 86' lang='lat' dir='ltr'>restitues,</span> <span class='ocrx_word' id='word_1_127' title='bbox 1278 1525 1338 1563; x_wconf 92' lang='lat' dir='ltr'>ut</span> <span class='ocrx_word' id='word_1_128' title='bbox 1391 1531 1576 1581; x_wconf 84' lang='lat' dir='ltr'>spero3</span> <span class='ocrx_word' id='word_1_129' title='bbox 1651 1511 1796 1580; x_wconf 92' lang='lat' dir='ltr'>quod</span> <span class='ocrx_word' id='word_1_130' title='bbox 1851 1510 2084 1562; x_wconf 90' lang='lat' dir='ltr'>Socrates</span> 
     </span>
    </p>

    <p class='ocr_par' dir='ltr' id='par_1_6' title="bbox 175 1597 2086 2013">
     <span class='ocr_line' id='line_1_17' title="bbox 175 1597 2085 1668; baseline -0.001 -19"><span class='ocrx_word' id='word_1_131' title='bbox 175 1624 225 1665; x_wconf 78' lang='lat'>45</span> <span class='ocrx_word' id='word_1_132' title='bbox 249 1599 487 1668; x_wconf 88' lang='lat' dir='ltr'>promisit</span> <span class='ocrx_word' id='word_1_133' title='bbox 541 1598 784 1649; x_wconf 89' lang='lat' dir='ltr'>Aeschini</span> <span class='ocrx_word' id='word_1_134' title='bbox 808 1619 820 1661; x_wconf 84' lang='lat'>3</span> <span class='ocrx_word' id='word_1_135' title='bbox 895 1598 951 1649; x_wconf 94' lang='lat' dir='ltr'>id</span> <span class='ocrx_word' id='word_1_136' title='bbox 1005 1612 1065 1649; x_wconf 89' lang='lat' dir='ltr'>ut</span> <span class='ocrx_word' id='word_1_137' title='bbox 1118 1598 1364 1649; x_wconf 90' lang='lat' dir='ltr'>libentius</span> <span class='ocrx_word' id='word_1_138' title='bbox 1418 1612 1660 1667; x_wconf 89' lang='lat' dir='ltr'>praestes,</span> <span class='ocrx_word' id='word_1_139' title='bbox 1695 1597 1885 1649; x_wconf 71' lang='lat' dir='ltr'>‘dicam</span> <span class='ocrx_word' id='word_1_140' title='bbox 1939 1597 2085 1667; x_wconf 93' lang='lat' dir='ltr'>quod</span> 
     </span>
     <span class='ocr_line' id='line_1_18' title="bbox 247 1684 2086 1754; baseline -0.001 -18"><span class='ocrx_word' id='word_1_141' title='bbox 247 1685 515 1754; x_wconf 89' lang='lat' dir='ltr'>Philippus</span> <span class='ocrx_word' id='word_1_142' title='bbox 544 1684 830 1736; x_wconf 82' lang='lat' dir='ltr'>Aristoteli.</span> <span class='ocrx_word' id='word_1_143' title='bbox 896 1684 1118 1736; x_wconf 90' lang='lat' dir='ltr'>Gaudeo</span> <span class='ocrx_word' id='word_1_144' title='bbox 1147 1684 1391 1753; x_wconf 91' lang='lat' dir='ltr'>equidem</span> <span class='ocrx_word' id='word_1_145' title='bbox 1421 1698 1473 1735; x_wconf 93' lang='lat' dir='ltr'>et</span> <span class='ocrx_word' id='word_1_146' title='bbox 1503 1703 1597 1752; x_wconf 88' lang='lat' dir='ltr'>ego</span> <span class='ocrx_word' id='word_1_147' title='bbox 1625 1685 1766 1736; x_wconf 91' lang='lat' dir='ltr'>hunc</span> <span class='ocrx_word' id='word_1_148' title='bbox 1795 1698 1886 1736; x_wconf 87' lang='lat' dir='ltr'>tua</span> <span class='ocrx_word' id='word_1_149' title='bbox 1914 1697 2086 1736; x_wconf 89' lang='lat' dir='ltr'>aetate</span> 
     </span>
     <span class='ocr_line' id='line_1_19' title="bbox 248 1770 2083 1841; baseline 0 -19"><span class='ocrx_word' id='word_1_150' title='bbox 248 1785 431 1823; x_wconf 90' lang='lat' dir='ltr'>natum</span> <span class='ocrx_word' id='word_1_151' title='bbox 456 1790 576 1835; x_wconf 90' lang='lat' dir='ltr'>esse,</span> <span class='ocrx_word' id='word_1_152' title='bbox 602 1772 693 1840; x_wconf 91' lang='lat' dir='ltr'>qui</span> <span class='ocrx_word' id='word_1_153' title='bbox 717 1791 810 1840; x_wconf 91' lang='lat' dir='ltr'>per</span> <span class='ocrx_word' id='word_1_154' title='bbox 835 1785 888 1822; x_wconf 93' lang='lat' dir='ltr'>te</span> <span class='ocrx_word' id='word_1_155' title='bbox 913 1771 1109 1841; x_wconf 88' lang='lat' dir='ltr'>aliquid</span> <span class='ocrx_word' id='word_1_156' title='bbox 1133 1771 1241 1835; x_wconf 87' lang='lat' dir='ltr'>fiat,</span> <span class='ocrx_word' id='word_1_157' title='bbox 1266 1772 1306 1821; x_wconf 92' lang='lat' dir='ltr'>si</span> <span class='ocrx_word' id='word_1_158' title='bbox 1330 1791 1422 1840; x_wconf 88' lang='lat' dir='ltr'>per</span> <span class='ocrx_word' id='word_1_159' title='bbox 1446 1771 1712 1822; x_wconf 91' lang='lat' dir='ltr'>hominem</span> <span class='ocrx_word' id='word_1_160' title='bbox 1738 1770 1847 1821; x_wconf 89' lang='lat' dir='ltr'>fieri</span> <span class='ocrx_word' id='word_1_161' title='bbox 1871 1784 2047 1840; x_wconf 91' lang='lat' dir='ltr'>potest</span> <span class='ocrx_word' id='word_1_162' title='bbox 2069 1791 2083 1834; x_wconf 92' lang='lat'>;</span> 
     </span>
     <span class='ocr_line' id='line_1_20' title="bbox 250 1857 2082 1925; baseline -0.001 -17"><span class='ocrx_word' id='word_1_163' title='bbox 250 1876 343 1909; x_wconf 91' lang='lat' dir='ltr'>nec</span> <span class='ocrx_word' id='word_1_164' title='bbox 378 1857 641 1908; x_wconf 92' lang='lat' dir='ltr'>dissimulo</span> <span class='ocrx_word' id='word_1_165' title='bbox 669 1876 768 1922; x_wconf 91' lang='lat' dir='ltr'>me,</span> <span class='ocrx_word' id='word_1_166' title='bbox 799 1857 926 1909; x_wconf 91' lang='lat' dir='ltr'>dum</span> <span class='ocrx_word' id='word_1_167' title='bbox 953 1858 1050 1908; x_wconf 91' lang='lat' dir='ltr'>sibi</span> <span class='ocrx_word' id='word_1_168' title='bbox 1083 1858 1261 1908; x_wconf 86' lang='lat' dir='ltr'>anxius</span> <span class='ocrx_word' id='word_1_169' title='bbox 1293 1857 1506 1925; x_wconf 86' lang='lat' dir='ltr'>invigilo</span> <span class='ocrx_word' id='word_1_170' title='bbox 1538 1870 1833 1925; x_wconf 90' lang='lat' dir='ltr'>cunctaque</span> <span class='ocrx_word' id='word_1_171' title='bbox 1860 1857 2082 1908; x_wconf 87' lang='lat' dir='ltr'>circum-</span> 
     </span>
     <span class='ocr_line' id='line_1_21' title="bbox 247 1942 2085 2013; baseline 0 -19"><span class='ocrx_word' id='word_1_172' title='bbox 247 1944 426 2013; x_wconf 89' lang='lat' dir='ltr'>spicio,</span> <span class='ocrx_word' id='word_1_173' title='bbox 455 1943 527 1995; x_wconf 87' lang='lat' dir='ltr'>nil</span> <span class='ocrx_word' id='word_1_174' title='bbox 554 1945 712 2012; x_wconf 89' lang='lat' dir='ltr'>magis</span> <span class='ocrx_word' id='word_1_175' title='bbox 740 1963 898 2013; x_wconf 91' lang='lat' dir='ltr'>quam</span> <span class='ocrx_word' id='word_1_176' title='bbox 927 1958 980 1995; x_wconf 89' lang='lat' dir='ltr'>te</span> <span class='ocrx_word' id='word_1_177' title='bbox 1007 1958 1225 2013; x_wconf 89' lang='lat' dir='ltr'>tuasque</span> <span class='ocrx_word' id='word_1_178' title='bbox 1251 1944 1469 1996; x_wconf 89' lang='lat' dir='ltr'>virtutes</span> <span class='ocrx_word' id='word_1_179' title='bbox 1497 1943 1812 2006; x_wconf 91' lang='lat' dir='ltr'>intuentem,</span> <span class='ocrx_word' id='word_1_180' title='bbox 1841 1961 1962 1993; x_wconf 92' lang='lat' dir='ltr'>cum</span> <span class='ocrx_word' id='word_1_181' title='bbox 1989 1942 2085 1994; x_wconf 90' lang='lat' dir='ltr'>alia</span> 
     </span>
    </p>

    <p class='ocr_par' dir='ltr' id='par_1_7' title="bbox 178 2028 2084 2104">
     <span class='ocr_line' id='line_1_22' title="bbox 178 2028 2084 2104; baseline -0.001 -23"><span class='ocrx_word' id='word_1_182' title='bbox 178 2054 228 2094; x_wconf 84' lang='lat'>50</span> <span class='ocrx_word' id='word_1_183' title='bbox 250 2048 468 2099; x_wconf 90' lang='lat' dir='ltr'>possem,</span> <span class='ocrx_word' id='word_1_184' title='bbox 491 2030 788 2081; x_wconf 90' lang='lat' dir='ltr'>Veronense</span> <span class='ocrx_word' id='word_1_185' title='bbox 810 2030 884 2081; x_wconf 90' lang='lat' dir='ltr'>illi</span> <span class='ocrx_word' id='word_1_186' title='bbox 907 2029 1266 2104; x_wconf 90' lang='lat' dir='ltr'>habitaculum</span> <span class='ocrx_word' id='word_1_187' title='bbox 1292 2029 1511 2097; x_wconf 86' lang='lat' dir='ltr'>elegisse.</span> <span class='ocrx_word' id='word_1_188' title='bbox 1570 2028 1712 2080; x_wconf 88' lang='lat' dir='ltr'>Vale.</span> <span class='ocrx_word' id='word_1_189' title='bbox 1772 2028 1856 2079; x_wconf 93' lang='lat' dir='ltr'>Ad</span> <span class='ocrx_word' id='word_1_190' title='bbox 1879 2030 2084 2080; x_wconf 83' lang='lat' dir='ltr'>fontem</span> 
     </span>
    </p>
   </div>
   <div class='ocr_carea' id='block_1_3' title="bbox 253 2114 1099 2185">
    <p class='ocr_par' dir='ltr' id='par_1_8' title="bbox 253 2114 1099 2185">
     <span class='ocr_line' id='line_1_23' title="bbox 253 2114 1099 2185; baseline -0.002 -17"><span class='ocrx_word' id='word_1_191' title='bbox 253 2115 475 2185; x_wconf 89' lang='lat' dir='ltr'>Sorgiae,</span> <span class='ocrx_word' id='word_1_192' title='bbox 505 2134 553 2167; x_wconf 91' lang='lat' dir='ltr'>v.</span> <span class='ocrx_word' id='word_1_193' title='bbox 586 2115 708 2167; x_wconf 92' lang='lat' dir='ltr'>Idus</span> <span class='ocrx_word' id='word_1_194' title='bbox 739 2116 878 2168; x_wconf 89' lang='lat' dir='ltr'>Iunii</span> <span class='ocrx_word' id='word_1_195' title='bbox 905 2114 990 2185; x_wconf 87' lang='lat'>[13</span> <span class='ocrx_word' id='word_1_196' title='bbox 998 2114 1099 2185; x_wconf 83' lang='lat'><strong>52].</strong></span> 
     </span>
    </p>
   </div>
   <div class='ocr_carea' id='block_1_4' title="bbox 206 2368 2124 3285">
    <p class='ocr_par' dir='ltr' id='par_1_9' title="bbox 428 2368 1903 2484">
     <span class='ocr_line' id='line_1_24' title="bbox 428 2368 1903 2484; baseline -0.002 -20"><span class='ocrx_word' id='word_1_197' title='bbox 428 2368 669 2466; x_wconf 65' lang='grc' dir='ltr'><em>Νἰεοῖαο</em></span> <span class='ocrx_word' id='word_1_198' title='bbox 676 2379 1007 2466; x_wconf 50' lang='lat' dir='ltr'>Zdb‘fibffi</span> <span class='ocrx_word' id='word_1_199' title='bbox 1040 2405 1198 2464; x_wconf 61' lang='lat' dir='ltr'>frib.</span> <span class='ocrx_word' id='word_1_200' title='bbox 1231 2406 1369 2484; x_wconf 84' lang='lat' dir='ltr'>Pop.</span> <span class='ocrx_word' id='word_1_201' title='bbox 1403 2405 1560 2462; x_wconf 88' lang='lat' dir='ltr'>Rom.</span> <span class='ocrx_word' id='word_1_202' title='bbox 1634 2403 1689 2461; x_wconf 91' lang='lat' dir='ltr'>V</span> <span class='ocrx_word' id='word_1_203' title='bbox 1691 2425 1777 2462; x_wconf 85' lang='lat' dir='ltr'>ar</span> <span class='ocrx_word' id='word_1_204' title='bbox 1808 2421 1903 2483; x_wconf 89' lang='lat'>40.</span> 
     </span>
    </p>

    <p class='ocr_par' dir='ltr' id='par_1_10' title="bbox 381 2538 2085 2697">
     <span class='ocr_line' id='line_1_25' title="bbox 381 2538 2085 2611; baseline -0.001 -18"><span class='ocrx_word' id='word_1_205' title='bbox 381 2542 485 2594; x_wconf 91' lang='grc' dir='ltr'>ΟΝ</span> <span class='ocrx_word' id='word_1_206' title='bbox 511 2541 661 2593; x_wconf 81' lang='lat' dir='ltr'>facile</span> <span class='ocrx_word' id='word_1_207' title='bbox 687 2541 789 2592; x_wconf 89' lang='lat' dir='ltr'>dici</span> <span class='ocrx_word' id='word_1_208' title='bbox 814 2555 1006 2611; x_wconf 89' lang='lat' dir='ltr'>potest,</span> <span class='ocrx_word' id='word_1_209' title='bbox 1035 2541 1236 2610; x_wconf 91' lang='lat' dir='ltr'>optime</span> <span class='ocrx_word' id='word_1_210' title='bbox 1260 2540 1354 2603; x_wconf 86' lang='lat' dir='ltr'>vir,</span> <span class='ocrx_word' id='word_1_211' title='bbox 1383 2538 1448 2589; x_wconf 93' lang='lat' dir='ltr'>de</span> <span class='ocrx_word' id='word_1_212' title='bbox 1473 2538 1742 2590; x_wconf 88' lang='lat' dir='ltr'>eventibus</span> <span class='ocrx_word' id='word_1_213' title='bbox 1776 2552 2085 2608; x_wconf 89' lang='lat' dir='ltr'>coeptorum</span> 
     </span>
     <span class='ocr_line' id='line_1_26' title="bbox 381 2623 2085 2697; baseline -0.003 -17"><span class='ocrx_word' id='word_1_214' title='bbox 381 2644 594 2681; x_wconf 88' lang='lat' dir='ltr'>tuorum</span> <span class='ocrx_word' id='word_1_215' title='bbox 647 2646 804 2697; x_wconf 91' lang='lat' dir='ltr'>quam</span> <span class='ocrx_word' id='word_1_216' title='bbox 855 2627 1102 2678; x_wconf 89' lang='lat' dir='ltr'>sollicitus</span> <span class='ocrx_word' id='word_1_217' title='bbox 1155 2644 1418 2696; x_wconf 89' lang='lat' dir='ltr'>quamque</span> <span class='ocrx_word' id='word_1_218' title='bbox 1467 2643 1735 2693; x_wconf 88' lang='lat' dir='ltr'>suspensus</span> <span class='ocrx_word' id='word_1_219' title='bbox 1786 2625 1899 2676; x_wconf 91' lang='lat' dir='ltr'>sim.</span> <span class='ocrx_word' id='word_1_220' title='bbox 2003 2623 2085 2676; x_wconf 90' lang='lat' dir='ltr'>Sic</span> 
     </span>
    </p>

    <p class='ocr_par' dir='ltr' id='par_1_11' title="bbox 206 2710 2124 3285">
     <span class='ocr_line' id='line_1_27' title="bbox 254 2710 2086 2782; baseline -0.003 -14"><span class='ocrx_word' id='word_1_221' title='bbox 254 2736 338 2768; x_wconf 93' lang='lat' dir='ltr'>me</span> <span class='ocrx_word' id='word_1_222' title='bbox 390 2716 532 2766; x_wconf 89' lang='lat' dir='ltr'>Deus</span> <span class='ocrx_word' id='word_1_223' title='bbox 580 2714 778 2782; x_wconf 89' lang='lat' dir='ltr'>diligat,</span> <span class='ocrx_word' id='word_1_224' title='bbox 818 2728 877 2765; x_wconf 93' lang='lat' dir='ltr'>ut</span> <span class='ocrx_word' id='word_1_225' title='bbox 917 2712 1308 2782; x_wconf 91' lang='lat' dir='ltr'>quodammodo</span> <span class='ocrx_word' id='word_1_226' title='bbox 1354 2711 1610 2780; x_wconf 89' lang='lat' dir='ltr'>particeps</span> <span class='ocrx_word' id='word_1_227' title='bbox 1649 2711 1779 2762; x_wconf 91' lang='lat' dir='ltr'>mihi</span> <span class='ocrx_word' id='word_1_228' title='bbox 1814 2710 1996 2763; x_wconf 89' lang='lat' dir='ltr'>videor</span> <span class='ocrx_word' id='word_1_229' title='bbox 2032 2725 2086 2763; x_wconf 92' lang='lat' dir='ltr'>et</span> 
     </span>
     <span class='ocr_line' id='line_1_28' title="bbox 251 2796 2124 2873; baseline -0.003 -19"><span class='ocrx_word' id='word_1_230' title='bbox 251 2801 468 2873; x_wconf 88' lang='lat' dir='ltr'>periculi</span> <span class='ocrx_word' id='word_1_231' title='bbox 500 2814 553 2851; x_wconf 91' lang='lat' dir='ltr'>et</span> <span class='ocrx_word' id='word_1_232' title='bbox 583 2799 770 2851; x_wconf 88' lang='lat' dir='ltr'>laboris</span> <span class='ocrx_word' id='word_1_233' title='bbox 802 2813 854 2850; x_wconf 87' lang='lat' dir='ltr'>et</span> <span class='ocrx_word' id='word_1_234' title='bbox 886 2799 1092 2867; x_wconf 88' lang='lat' dir='ltr'>gloriae.</span> <span class='ocrx_word' id='word_1_235' title='bbox 1159 2799 1228 2850; x_wconf 88' lang='lat' dir='ltr'>Et</span> <span class='ocrx_word' id='word_1_236' title='bbox 1261 2817 1315 2849; x_wconf 91' lang='lat' dir='ltr'>re</span> <span class='ocrx_word' id='word_1_237' title='bbox 1345 2797 1475 2849; x_wconf 86' lang='lat' dir='ltr'>vera</span> <span class='ocrx_word' id='word_1_238' title='bbox 1494 2815 1588 2847; x_wconf 90' lang='lat' dir='ltr'>nec</span> <span class='ocrx_word' id='word_1_239' title='bbox 1619 2796 1738 2848; x_wconf 90' lang='lat' dir='ltr'>volo</span> <span class='ocrx_word' id='word_1_240' title='bbox 1771 2796 2088 2849; x_wconf 91' lang='lat' dir='ltr'>dissimulare</span> <span class='ocrx_word' id='word_1_241' title='bbox 2118 2861 2124 2867; x_wconf 24' lang='grc' dir='ltr'>ι</span> 
     </span>
     <span class='ocr_line' id='line_1_29' title="bbox 206 2883 2084 2957; baseline -0.003 -17"><span class='ocrx_word' id='word_1_242' title='bbox 206 2912 229 2953; x_wconf 84' lang='lat'><strong><em>5</em></strong></span> <span class='ocrx_word' id='word_1_243' title='bbox 253 2907 347 2940; x_wconf 90' lang='lat' dir='ltr'>nec</span> <span class='ocrx_word' id='word_1_244' title='bbox 388 2905 612 2957; x_wconf 90' lang='lat' dir='ltr'>possum,</span> <span class='ocrx_word' id='word_1_245' title='bbox 654 2899 715 2937; x_wconf 91' lang='lat' dir='ltr'>ut</span> <span class='ocrx_word' id='word_1_246' title='bbox 756 2886 1136 2937; x_wconf 90' lang='lat' dir='ltr'>contumaciter</span> <span class='ocrx_word' id='word_1_247' title='bbox 1175 2884 1341 2937; x_wconf 90' lang='lat' dir='ltr'>verbis</span> <span class='ocrx_word' id='word_1_248' title='bbox 1383 2883 1789 2952; x_wconf 91' lang='lat' dir='ltr'>disceptantium</span> <span class='ocrx_word' id='word_1_249' title='bbox 1830 2883 1895 2935; x_wconf 94' lang='lat' dir='ltr'>de</span> <span class='ocrx_word' id='word_1_250' title='bbox 1934 2883 2084 2935; x_wconf 90' lang='lat' dir='ltr'>rebus</span> 
     </span>
     <span class='ocr_line' id='line_1_30' title="bbox 255 2969 2085 3042; baseline -0.003 -16"><span class='ocrx_word' id='word_1_251' title='bbox 255 2975 356 3027; x_wconf 92' lang='lat' dir='ltr'>tuis</span> <span class='ocrx_word' id='word_1_252' title='bbox 400 2972 640 3042; x_wconf 89' lang='lat' dir='ltr'>quotiens</span> <span class='ocrx_word' id='word_1_253' title='bbox 692 2973 904 3023; x_wconf 83' lang='lat' dir='ltr'>fortuna</span> <span class='ocrx_word' id='word_1_254' title='bbox 956 2989 1040 3022; x_wconf 90' lang='lat' dir='ltr'>me</span> <span class='ocrx_word' id='word_1_255' title='bbox 1082 2983 1407 3040; x_wconf 90' lang='lat' dir='ltr'>praesentem</span> <span class='ocrx_word' id='word_1_256' title='bbox 1450 2969 1575 3020; x_wconf 79' lang='lat' dir='ltr'>fecit</span> <span class='ocrx_word' id='word_1_257' title='bbox 1620 2983 1732 3021; x_wconf 88' lang='lat' dir='ltr'>tuas</span> <span class='ocrx_word' id='word_1_258' title='bbox 1774 2969 2085 3039; x_wconf 88' lang='lat' dir='ltr'>susceperim</span> 
     </span>
     <span class='ocr_line' id='line_1_31' title="bbox 254 3055 2087 3131; baseline -0.003 -19"><span class='ocrx_word' id='word_1_259' title='bbox 254 3074 441 3131; x_wconf 78' lang='lat' dir='ltr'>parteS.</span> <span class='ocrx_word' id='word_1_260' title='bbox 515 3058 658 3109; x_wconf 92' lang='lat' dir='ltr'>Nota</span> <span class='ocrx_word' id='word_1_261' title='bbox 692 3056 896 3126; x_wconf 90' lang='lat' dir='ltr'>loquor,</span> <span class='ocrx_word' id='word_1_262' title='bbox 935 3070 988 3108; x_wconf 90' lang='lat' dir='ltr'>et</span> <span class='ocrx_word' id='word_1_263' title='bbox 1025 3057 1154 3108; x_wconf 89' lang='lat' dir='ltr'>mihi</span> <span class='ocrx_word' id='word_1_264' title='bbox 1189 3055 1412 3126; x_wconf 90' lang='lat' dir='ltr'>populus</span> <span class='ocrx_word' id='word_1_265' title='bbox 1451 3055 1610 3119; x_wconf 82' lang='lat' dir='ltr'>testiS,</span> <span class='ocrx_word' id='word_1_266' title='bbox 1649 3068 1849 3125; x_wconf 91' lang='lat' dir='ltr'>quanto</span> <span class='ocrx_word' id='word_1_267' title='bbox 1884 3072 2087 3125; x_wconf 89' lang='lat' dir='ltr'>semper</span> 
     </span>
     <span class='ocr_line' id='line_1_32' title="bbox 255 3140 2084 3213; baseline -0.003 -14"><span class='ocrx_word' id='word_1_268' title='bbox 255 3148 430 3199; x_wconf 85' lang='lat' dir='ltr'>favore</span> <span class='ocrx_word' id='word_1_269' title='bbox 462 3144 621 3196; x_wconf 90' lang='lat' dir='ltr'>animi</span> <span class='ocrx_word' id='word_1_270' title='bbox 653 3156 959 3213; x_wconf 87' lang='lat' dir='ltr'>quantoque</span> <span class='ocrx_word' id='word_1_271' title='bbox 989 3142 1165 3194; x_wconf 91' lang='lat' dir='ltr'>studio</span> <span class='ocrx_word' id='word_1_272' title='bbox 1198 3141 1433 3195; x_wconf 88' lang='lat' dir='ltr'>adversus</span> <span class='ocrx_word' id='word_1_273' title='bbox 1467 3140 1784 3193; x_wconf 88' lang='lat' dir='ltr'>oblatrantes</span> <span class='ocrx_word' id='word_1_274' title='bbox 1818 3140 1884 3191; x_wconf 92' lang='lat' dir='ltr'>de</span> <span class='ocrx_word' id='word_1_275' title='bbox 1915 3140 2084 3193; x_wconf 90' lang='lat' dir='ltr'>tribu-</span> 
     </span>
     <span class='ocr_line' id='line_1_33' title="bbox 256 3226 2086 3285; baseline -0.004 0"><span class='ocrx_word' id='word_1_276' title='bbox 256 3246 407 3285; x_wconf 88' lang='lat' dir='ltr'>natus</span> <span class='ocrx_word' id='word_1_277' title='bbox 453 3231 532 3283; x_wconf 93' lang='lat' dir='ltr'>tui</span> <span class='ocrx_word' id='word_1_278' title='bbox 576 3229 774 3281; x_wconf 77' lang='lat' dir='ltr'>iustitia</span> <span class='ocrx_word' id='word_1_279' title='bbox 818 3243 871 3280; x_wconf 90' lang='lat' dir='ltr'>et</span> <span class='ocrx_word' id='word_1_280' title='bbox 918 3228 983 3279; x_wconf 95' lang='lat' dir='ltr'>de</span> <span class='ocrx_word' id='word_1_281' title='bbox 1026 3228 1321 3280; x_wconf 87' lang='lat' dir='ltr'>intentione</span> <span class='ocrx_word' id='word_1_282' title='bbox 1365 3241 1417 3279; x_wconf 92' lang='lat' dir='ltr'>et</span> <span class='ocrx_word' id='word_1_283' title='bbox 1462 3227 1757 3278; x_wconf 90' lang='lat' dir='ltr'>sinceritate</span> <span class='ocrx_word' id='word_1_284' title='bbox 1801 3226 1960 3278; x_wconf 90' lang='lat' dir='ltr'>animi</span> <span class='ocrx_word' id='word_1_285' title='bbox 2005 3226 2086 3278; x_wconf 90' lang='lat' dir='ltr'>tui</span> 
     </span>
    </p>
   </div>
  </div>
 </body>
</html>
