2242 3600
304 200 777 254 CLEMENTI
831 200 940 278 VI,
995 199 1462 253 PONTIFICI
1524 197 1903 251 MAXIMO
1964 213 2026 267 37

346 460 631 520 Clementi
661 460 778 533 VI,
806 459 1083 538 Pontifici
1108 459 1402 519 Maximo.
1473 458 1639 518 Fam.
1672 481 1728 518 v.
1766 475 1855 568 19,

274 596 479 649 EBRIS
510 610 632 649 tuae
668 596 903 661 nuntiuS,
936 596 1228 650 beatissime
1263 611 1432 668 pater,
1463 610 1747 648 tremorem
1777 593 2026 647 membris

273 683 401 735 meis
438 698 491 735 et
528 684 800 736 horrorem
839 682 1039 737 attulit.
1109 683 1225 736 Nec
1265 684 1462 736 idcirco
1495 682 1895 753 blandiloquens
1933 696 2025 734 aut

170 767 347 820 similis
380 768 520 821 dicar
551 768 644 834 illi,
678 769 742 821 de
775 789 881 841 quo
916 770 1177 840 Satyricus
1209 770 1281 823 ait
1307 792 1319 823 :
1374 772 1389 795 ‘
1413 770 1531 823 Flet
1561 769 1602 822 si
1631 768 1866 822 lacrimas
1899 787 2025 821 con-

169 855 339 926 spexit
378 856 569 922 amici,'
609 871 662 909 et
699 857 932 910 iterum:
994 859 1007 882 ‘
1033 857 1085 910 Si
1125 857 1315 910 dixerit
1354 872 1553 922 aestu0,
1592 856 1785 919 sudat,'
1822 855 1914 908 sed
1952 854 2027 907 illi

171 942 346 1013 potius
369 943 479 1014 qui,
501 958 562 996 ut
584 943 657 996 ait
679 944 884 1009 Cicer0,
909 945 973 997 de
994 945 1159 998 salute
1180 945 1365 1017 populi
1386 943 1612 999 Romani
1633 943 2026 1008 extimescebat,
2049 964 2073 1006 5

169 1029 225 1082 in
262 1050 364 1102 qua
401 1031 562 1084 etiam
599 1051 744 1084 suam
781 1031 1034 1085 inclusam
1069 1032 1302 1086 videbat.
1376 1034 1502 1086 Mea
1540 1031 1756 1104 quidem
1792 1051 1851 1084 ac
1887 1028 2025 1083 mul-

169 1130 348 1171 torum
373 1117 504 1171 salus
529 1118 585 1171 in
611 1133 702 1171 tua
728 1119 894 1172 salute
919 1120 1142 1173 fundata
1169 1134 1263 1173 est.
1311 1120 1437 1173 Non
1461 1119 1624 1190 igitur
1649 1118 1922 1172 simulatus
1948 1131 2026 1171 est

167 1218 385 1270 tremor,
423 1225 596 1277 neque
634 1205 775 1258 enim
818 1206 987 1259 alieno
1026 1206 1261 1278 periculo
1298 1225 1627 1278 permoveor,
1664 1205 1754 1258 sed
1790 1203 2024 1277 proprio,

169 1291 367 1345 Omnes
403 1292 495 1364 qui
531 1293 596 1345 de
631 1307 685 1345 te
719 1293 1010 1363 pendemus
1044 1308 1098 1346 et
1132 1294 1187 1347 in
1224 1308 1278 1347 te
1310 1313 1594 1365 speramuS,
1630 1307 1684 1345 te
1718 1304 2028 1362 aegrotante

167 1379 277 1432 sani
304 1381 444 1432 forte
471 1379 732 1445 videmur,
762 1380 851 1433 sed
880 1400 987 1433 non
1016 1400 1209 1434 sumus.
1274 1381 1473 1435 Verum
1503 1380 1625 1452 quia
1655 1393 1773 1432 tum
1801 1396 2024 1450 semper,
2053 1398 2098 1426 ιο

113 1527 119 1533 ,
168 1481 287 1519 tum
319 1466 600 1537 praecipue
631 1466 686 1519 in
716 1468 818 1520 hoc
851 1482 992 1520 statu
1022 1468 1234 1522 brevem
1269 1468 1421 1522 decet
1454 1488 1558 1521 esse
1588 1485 1903 1532 sermonem,
1931 1466 2024 1538 qui

91 1564 133 1628 ᾖ)
165 1553 222 1606 in
238 1553 459 1633 X,dNivinas
500 1572 646 1607 aures
685 1554 920 1607 humano
960 1575 1049 1607 ore
1089 1554 1499 1621 transfunditur,
1531 1574 1697 1627 pauca
1738 1553 1839 1606 tibi
1878 1573 2025 1607 nunc

167 1627 346 1692 animo
374 1641 566 1694 affusus
596 1655 649 1693 et
677 1641 1079 1695 venerabundus
1106 1641 1310 1714 loquar.

234 1727 462 1781 Lectum
512 1742 667 1781 tuum
717 1729 981 1782 obsessum
1030 1729 1246 1782 medicis
1292 1729 1434 1794 scio;
1501 1730 1626 1782 hinc
1675 1728 1843 1800 prima
1891 1728 2024 1782 mihi

166 1813 391 1866 timendi
421 1835 570 1868 causa
602 1829 697 1868 est.
765 1815 1086 1870 Discordant
1116 1816 1257 1869 enim
1290 1817 1355 1870 de
1384 1816 1661 1882 industria,
1694 1816 1822 1869 dum
1852 1815 2023 1887 pudet
2051 1835 2094 1875 15

163 1900 288 1954 novi
314 1901 470 1954 ffnihil
519 1903 828 1955 afferentem
879 1902 1091 1956 alterius
1139 1903 1357 1957 haesisse
1405 1903 1651 1974 vestigiis.
1740 1903 1891 1956 ‘Nec
1941 1917 2018 1956 est

165 1987 427 2054 dubium,’
453 2003 514 2041 ut
541 1989 805 2059 eleganter
830 1989 903 2042 ait
928 1990 1144 2056 Plinius,
1172 1993 1185 2016 ‘
1208 2010 1388 2044 omnes
1414 1990 1538 2044 istos
1562 1993 1757 2044 famam
1783 1990 2022 2044 novitate

162 2074 335 2146 aliqua
372 2090 712 2146 aucupanteS,
746 2076 943 2129 animas
979 2076 1159 2130 statim
1198 2092 1398 2130 nostras
1436 2076 1713 2148 negotiari,
1745 2091 1799 2130 et
1830 2076 1886 2129 in
1921 2077 2019 2130 hac

161 2161 267 2214 sola
290 2160 485 2214 artium
510 2161 735 2227 evenire,
762 2177 822 2215 ut
849 2162 1147 2235 cuicunque
1171 2183 1222 2216 se
1246 2163 1513 2217 medicum
1537 2162 1815 2234 profitenti
1838 2162 2019 2215 statim

161 2249 425 2315 credatur,
460 2269 582 2303 cum
618 2250 683 2303 sit
720 2249 1015 2321 periculum
1050 2250 1106 2303 in
1142 2250 1288 2304 nullo
1324 2251 1600 2304 mendacio
1639 2250 1821 2304 maiuS.
1891 2251 2018 2303 Non
2043 2271 2091 2299 20

159 2349 339 2389 tamen
368 2336 500 2390 illud
529 2337 820 2403 intuemur,
852 2338 983 2390 adeo
1015 2337 1204 2391 blanda
1236 2352 1312 2391 est
1343 2338 1586 2410 sperandi
1616 2357 1713 2410 pro
1743 2358 1795 2391 se
1825 2337 2018 2409 cuique

161 2420 402 2476 dulcedo.
462 2422 623 2475 Nulla
644 2438 913 2494 praeterea
939 2423 1024 2476 lex
1050 2444 1184 2495 quae
1212 2424 1400 2495 puniat
1426 2424 1688 2478 inscitiam
1717 2424 2015 2496 capitalem,

159 2508 364 2561 nullum
420 2510 721 2581 exemplum
775 2510 1079 2576 vindictae3
1155 2511 1364 2565 discunt
1419 2511 1662 2583 periculis
1717 2512 1904 2565 nostris
1960 2526 2014 2565 et

158 2595 517 2667 experimenta
553 2616 646 2669 per
684 2613 880 2651 mortes
918 2612 1100 2669 agunt,
1139 2599 1453 2671 medicoque
1491 2613 1704 2653 tantum
1741 2599 2013 2653 hominem

157 2682 403 2736 occidisse
433 2682 720 2755 impunitas
752 2704 956 2738 summa
989 2686 1104 2738 est.'
1170 2686 1381 2740 Horum
1415 2686 1629 2741 turbam
1655 2686 1802 2741 velut
1835 2686 2013 2739 inimi·
2038 2703 2088 2743 ²5

159 2788 342 2822 corum
375 2769 558 2837 aciem,
593 2770 995 2825 clementissime
1028 2786 1196 2843 pater,
1229 2772 1455 2827 intuere.
1516 2774 1754 2827 Instruat
1789 2787 1843 2826 te
1875 2772 2012 2827 illius

154 2855 371 2910 infausti
408 2856 797 2928 epigrammatis
834 2857 1087 2911 memoria
1123 2857 1336 2912 inscribi
1372 2859 1605 2914 iubentis
1642 2860 1698 2915 in
1734 2860 2012 2933 sepulchro

153 2943 256 2996 hoc
284 2943 453 2996 solum
478 2965 490 2997 ε
540 2947 555 2970 ‘
576 2945 762 2999 Turba
790 2945 1119 2999 medicorum
1147 2945 1319 3017 perii)

224 3031 289 3083 In
357 3044 585 3084 aetatem
654 3047 887 3086 nostram
956 3031 1225 3103 potissime
1291 3032 1504 3088 videtur
1571 3033 1812 3088 incidisse
1878 3034 2012 3088 illud

154 3116 237 3168 M.
277 3116 495 3170 Catonis
539 3117 669 3171 senis
714 3117 1043 3184 vaticinium,
1085 3119 1406 3192 quandoque
1445 3120 1637 3174 Graeci
1676 3121 1743 3174 ad
1787 3141 1879 3174 nos
1918 3121 2009 3174 lit-
2030 3139 2081 3178 30

153 3218 295 3261 teras
327 3224 440 3257 suas
479 3224 538 3257 ac
577 3206 883 3276 praesertim
929 3205 1159 3259 medicos
1206 3207 1625 3274 transmisissent,
1666 3208 1843 3261 omnia
1893 3229 2007 3261 cor-

152 3305 419 3362 rupturOS.
485 3291 586 3344 Sed
613 3289 735 3364 quia
760 3293 865 3346 iam
891 3293 1001 3345 sine
1026 3293 1241 3346 medicis
1267 3294 1442 3348 vivere
1467 3315 1575 3348 non
1602 3295 1872 3362 audemuS,
1899 3295 2009 3349 sine

153 3378 343 3451 quibus
375 3392 554 3434 tamen
583 3380 991 3437 innumerabiles
1022 3380 1261 3435 nationes
1291 3383 1431 3436 forte
1462 3382 1647 3437 melius
1678 3396 1840 3455 atque
1870 3382 2005 3438 salu-
