2242 3600
388 196 859 249 STEPHANO
915 197 1416 251 COLVMNAE
1472 198 1841 281 SENIORI
1964 218 2031 271 49

185 345 308 380 cum
356 328 552 381 invitus
599 329 850 394 fecissem,
899 327 986 379 ille
1032 329 1287 398 suspirans
1337 330 1446 382 ait:
1522 330 1537 354 ‘
1560 329 1776 382 Vtinam
1824 330 2032 398 genitor

186 427 363 466 noster
391 433 499 466 non
529 428 638 467 tam
667 414 922 468 veridicus
951 428 1093 467 vates
1123 416 1288 467 esset.’
1354 415 1554 468 Eodem
1584 434 1738 480 ann0‚
1769 415 1915 467 ferali
1942 415 2032 467 illo

185 501 526 571 primogeniti
573 502 652 553 tui
710 521 768 553 ac
816 514 1074 571 nepotum
1126 520 1244 552 casu
1294 502 1453 570 magis
1505 521 1563 554 ac
1611 502 1771 570 magis
1822 502 2033 553 horrere
2054 514 2103 565 85

187 587 511 658 praesagium
565 601 720 640 tuum
772 588 965 658 coepit,
1021 586 1188 639 donec
1239 588 1348 657 ipse
1400 587 1579 640 dolore
1630 590 1916 652 confectUS,
1971 602 2032 640 ut

187 669 431 734 arbitror,
466 670 748 722 novissime
771 668 1063 734 moriende,
1098 668 1301 721 dictum
1333 671 1494 739 patris
1528 671 1665 723 tristi
1697 670 1913 741 quidem
1944 671 2035 722 sed

188 755 342 826 plena
388 756 493 808 fide
537 755 840 826 complevit.
924 756 1073 815 Quae
1119 776 1195 809 res
1242 759 1444 811 cunctis
1490 760 1583 829 qui
1629 777 1743 811 eam
1790 758 2035 811 audivere

188 841 454 908 mirabilis,
474 842 603 894 mihi
632 862 756 895 vero
780 843 939 911 magis
964 843 1019 894 in
1045 843 1149 895 dies
1175 844 1435 897 horribilis
1461 865 1518 898 ac
1541 845 1801 915 stupenda
1825 859 1902 897 est
1933 886 1944 897 .
1975 886 1986 897 .
2019 885 2031 897 .

186 927 453 1000 [Stesano’s
483 931 772 999 experience
805 930 863 998 of
885 929 975 999 life
1007 930 1114 982 will
1146 931 1273 982 have
1309 932 1483 1000 taught
1515 933 1618 984 him
1654 945 1700 984 to
1732 932 1920 1001 despise
1957 931 2036 983 the
2057 950 2106 988 90

182 1030 347 1088 power
374 1015 596 1086 qffate]
658 1015 801 1068 Vale.
869 1015 1028 1068 Sexto
1058 1016 1181 1069 Idus
1214 1016 1533 1088 Septembris
1562 1017 1758 1089 [1349].

665 1313 934 1393 Olympio
962 1335 1076 1373 suo,
1162 1314 1213 1372 F
1214 1293 1336 1375 am:
1360 1315 1481 1376 viii.
1516 1334 1569 1393 3.

38 1465 42 1469 ’
108 1472 114 1477 “
198 1460 705 1594 EXSPECTAVI
725 1462 890 1526 anxie,
915 1462 1141 1516 necdum
1163 1478 1254 1533 aut
1276 1464 1476 1534 patiens
1495 1464 1710 1516 nuntius
1734 1477 1824 1516 aut
1842 1463 2037 1515 otiosus

303 1549 408 1600 dies
441 1547 629 1601 adfuit.
717 1548 907 1618 Itaque
940 1549 1095 1601 simul
1130 1564 1385 1620 concepta
1420 1550 1644 1620 carptim
1679 1549 1899 1619 explico,
1933 1568 2039 1600 non

190 1636 407 1709 quidem
434 1655 496 1688 ex
523 1636 683 1688 animi
705 1636 808 1687 mei
832 1637 1121 1701 sententia;
1163 1637 1285 1690 novi
1313 1638 1453 1689 enim
1480 1637 1727 1689 orationis
1754 1650 2041 1707 perpetuae

190 1737 390 1796 quanta
425 1723 516 1776 vis.
590 1722 686 1774 Ille
721 1723 1055 1775 orientalium
1091 1723 1373 1777 fluviorum
1410 1726 1684 1790 maximus,
1722 1723 1900 1775 multis
1939 1722 2039 1774 dis-

192 1813 390 1865 tinctus
431 1810 603 1876 alveiS,
636 1810 780 1863 vides
819 1829 978 1880 quam
1019 1803 1326 1863 non’modo
1366 1811 1711 1882 permeabilis,
1750 1810 1841 1863 sed
1881 1811 2040 1862 etiam
2064 1833 2087 1873 5

192 1893 608 1968 contemptibilis
643 1899 810 1949 factus
845 1911 939 1950 est.
1010 1896 1113 1949 Sed
1145 1916 1414 1968 pareamus
1450 1898 1695 1967 tempori,
1728 1898 1795 1949 sit
1827 1897 2041 1949 libitum

192 1985 339 2057 quod
371 1985 513 2049 licet,
549 1983 764 2054 quando
798 1983 943 2053 quod
978 1999 1054 2036 est
1088 1984 1302 2036 libitum
1337 2004 1443 2036 non
1476 1984 1617 2037 licet.
1687 1984 1756 2036 Et
1790 1985 2041 2054 quoniam

194 2068 371 2121 nuntii
412 2068 565 2119 huius
607 2066 750 2119 haud
791 2081 869 2118 sat
913 2066 1179 2136 explorata
1222 2067 1347 2119 fides
1391 2081 1518 2132 erat,
1562 2085 1722 2119 unam
1766 2066 2041 2119 dumtaxat

193 2154 444 2226 epistolae
470 2168 592 2206 tuae
620 2167 825 2223 partem
853 2172 1094 2223 exequar,
1123 2154 1215 2206 ubi
1244 2153 1475 2205 reditum
1505 2153 1570 2206 ad
1598 2155 1804 2225 fontem
1834 2153 2043 2222 Sorgiae

195 2240 472 2305 dissuades,
508 2254 570 2292 ut
604 2239 747 2291 illam
784 2239 882 2291 tibi
917 2239 1323 2291 sollicitudinem
1359 2241 1592 2310 eripiam.
1663 2240 1866 2292 Videris
1902 2241 2042 2292 enim
2068 2264 2114 2293 ιο

196 2328 326 2380 mihi
355 2326 420 2379 de
446 2327 543 2378 hac
571 2345 625 2377 re
652 2345 758 2378 non
787 2325 1122 2377 mediocriter
1149 2346 1344 2392 curare,
1374 2346 1469 2378 nec
1496 2327 1780 2391 immerito,
1809 2326 1955 2397 quod
1982 2346 2043 2378 eo

194 2411 395 2480 saepius
438 2422 716 2462 vocantem
760 2407 1028 2460 Socratem
1071 2423 1310 2461 nostrum
1353 2428 1459 2460 non
1502 2408 1682 2461 audire
1723 2429 1830 2461 non
1871 2410 2040 2479 potui.

197 2499 390 2569 Itaque
452 2499 622 2551 victus
689 2497 904 2549 tandem
958 2496 1216 2567 precibuS,
1270 2481 1672 2567 spoponderam,
1725 2497 1766 2547 si
1820 2510 2044 2548 tractata

195 2583 555 2649 succederent,
595 2584 784 2654 quibus
824 2598 878 2636 et
918 2584 1164 2635 honestus
1203 2582 1308 2635 illic
1347 2582 1594 2635 manendi
1633 2582 1775 2634 color
1814 2596 1867 2635 et
1906 2583 2045 2636 vitae

198 2671 476 2723 necessaria
507 2684 884 2740 quaererentur
916 2669 1092 2738 (vitae,
1124 2669 1358 2739 inquam,
1384 2668 1640 2721 sodalium
1672 2683 1726 2721 et
1752 2669 2042 2722 multorum
2072 2691 2117 2731 15

199 2757 266 2810 ad
296 2776 380 2808 me
409 2756 514 2808 illic
546 2756 612 2808 de
641 2775 786 2808 more
816 2755 1262 2821 convenientium,
1294 2774 1409 2807 mea
1438 2756 1579 2807 enim
1609 2757 1717 2809 vita
1747 2775 1853 2808 non
1884 2755 2044 2807 modo

198 2844 487 2897 necessariis
525 2844 797 2908 instructa,
831 2842 922 2895 sed
957 2861 1138 2895 vereor
1171 2861 1237 2894 ne
1274 2843 1601 2913 supervacuis
1639 2842 1895 2913 impedita
1933 2844 2043 2911 sit),

199 2950 308 3002 quo
330 2930 429 2983 sibi
452 2929 685 2983 libuisset
708 2944 1030 2994 secuturum,
1057 2947 1163 2980 non
1187 2929 1393 2998 ignarus
1417 2929 1633 2999 quidem
1658 2948 1831 2982 rerum
1857 2929 2043 2982 harum

198 3032 253 3071 et
287 3017 513 3082 illarum,
548 3016 639 3068 sed
674 3036 924 3086 magnum
962 3015 1037 3067 ibi
1076 3015 1327 3068 hactenus
1366 3015 1555 3068 ducem
1591 3030 1829 3069 nostrum
1867 3030 1921 3068 et
1953 3036 2043 3068 nos

200 3123 379 3157 omnes
416 3123 521 3156 esse
555 3105 805 3174 cogitans,
827 3117 970 3175 ‘quos
1006 3103 1137 3154 mihi
1171 3102 1394 3174 reliquos
1430 3121 1567 3155 mors
1603 3104 1821 3169 fecisset,
1859 3106 2045 3156 amoris
2068 3123 2119 3149 20

200 3192 359 3245 vestri
388 3190 532 3244 velut
563 3191 706 3244 uncis
737 3189 1051 3262 quibusdam
1080 3183 1399 3243 validissimis
1429 3190 1744 3242 retrahebar.

269 3268 428 3330 Nunc
459 3291 665 3331 mutata
695 3292 818 3330 sunt
850 3277 1043 3342 omnia,
1077 3290 1131 3328 et
1163 3277 1450 3329 amicorum
1484 3276 1639 3329 turba
1671 3276 1818 3342 abiit,
1851 3290 1905 3328 et
1938 3276 2046 3329 dux

277 3379 379 3430 2548
1106 3382 1132 3416 E
