2242 3600
180 178 574 257 zENossio
631 188 1262 244 GRAMMATICO
1317 170 1909 240 FLoR'ENTINo
1958 205 2020 257 91

182 343 303 377 nam
337 323 617 394 petiturus,
644 340 730 373 me
760 319 1030 374 vertebam
1063 318 1130 370 ad
1160 317 1380 382 laevam,
1407 317 1535 370 dum
1569 336 1689 369 ecce
1718 317 2021 387 repentinus

168 410 350 481 imber
392 410 567 461 omnia
610 407 929 477 complevit3
994 405 1229 475 quamvis
1274 418 1396 456 ante
1439 417 1494 455 et
1536 417 1656 479 post
1701 416 1849 455 tanta
1892 402 2024 454 coeli

183 511 456 566 terraeque
514 495 714 547 siccitas
774 493 953 557 fuerit,
1016 504 1269 561 quantam
1330 489 1575 554 vidimus,
1636 490 1724 542 vix
1782 489 2019 558 legimuS.

183 582 406 636 Substiti
447 583 624 634 anxius
666 599 887 650 raroque
926 597 1162 648 unquam
1203 577 1387 630 clarius
1427 576 1554 642 vidi,
1596 575 1727 646 quid
1766 577 1833 627 sit
1872 575 2023 639 illud,
2048 595 2095 636 25

183 671 197 694 ‘
221 689 340 722 caro
370 670 516 721 oneri
547 669 734 720 timere
754 667 768 690 ’
802 686 830 717 a
858 665 1079 734 Virgilio
1109 664 1350 717 relatum.
1418 665 1543 715 Erat
1575 663 1706 714 mihi
1735 662 2025 732 praedulcis

175 756 437 822 ⁴librorum
484 753 754 818 sarcinula,
804 766 858 804 et
905 765 1146 804 veterum
1193 751 1337 803 libris
1384 752 1689 803 immixtum
1737 749 2026 820 pauxillum

175 824 441 922 {rugarum
477 859 730 905 mearum,
768 838 957 909 quibus
994 839 1104 908 ipse
1140 857 1353 908 quoque
1388 837 1768 907 Memphiticos
1805 855 2027 906 papyros

182 930 395 1000 impleo,
427 948 534 980 non
563 928 686 998 quia
713 925 846 978 illud
876 945 1025 994 agere
1053 925 1120 976 sit
1150 925 1434 994 optimum,
1465 923 1555 976 sed
1585 924 1705 993 quia
1736 921 1869 974 illud
1898 921 2030 973 nihil

185 1036 333 1086 agere
382 1014 608 1078 difficile,
658 1012 958 1083 pessimum,
1010 1025 1063 1062 et
1111 1024 1380 1080 praeterea
1427 1009 1746 1080 impossibile
1795 1009 1926 1061 mihi
1975 1022 2028 1060 et
2051 1029 2101 1067 30

182 1102 470 1154 insolitum.
540 1100 606 1152 In
637 1119 700 1150 eo
730 1112 873 1150 statu
905 1117 1013 1149 non
1046 1111 1194 1166 tergo
1227 1096 1481 1148 timebam
1514 1096 1580 1148 ad
1612 1096 1788 1148 omnia
1821 1095 2028 1160 durato,

184 1204 239 1242 et
276 1191 412 1241 ferre
450 1186 763 1257 iampridem
796 1185 955 1237 docto
986 1204 1092 1236 non
1124 1197 1335 1236 tantum
1367 1183 1583 1254 pluvias,
1614 1202 1797 1236 verum
1827 1182 2029 1252 glacies,

187 1290 353 1328 aestus
390 1289 444 1327 et
479 1273 772 1350 grandines,
810 1271 1107 1342 nulliusque
1141 1271 1245 1322 iam
1280 1270 1468 1322 laboris
1506 1284 1596 1322 aut
1632 1269 1850 1339 periculi
1885 1269 2030 1320 inex-

114 1415 120 1420 ,
185 1377 375 1434 perto;
435 1381 542 1413 non
579 1359 832 1412 timebam
871 1358 1058 1410 ‘lateri
1096 1371 1149 1409 et
1187 1357 1333 1409 oneri
1355 1358 1367 1380 '
1407 1371 1469 1408 ut
1506 1356 1723 1421 Aeneas,
1760 1355 1850 1408 sed
1887 1355 2033 1408 oneri

188 1450 464 1502 dumtaxat
511 1462 573 1500 ut
619 1445 907 1510 Metabus;
976 1447 1145 1497 fateor
1191 1444 1333 1496 enim
1381 1463 1526 1495 carae
1573 1443 1703 1495 mihi
1750 1442 2033 1495 sarcinulae
2054 1453 2103 1494 35

189 1535 509 1588 metuebam.
579 1533 725 1593 Quid
764 1551 967 1602 agerem
997 1537 1013 1584 ?
1085 1531 1279 1584 Omnia
1317 1549 1543 1595 mecum,
1579 1544 1640 1582 ut
1674 1530 1749 1581 ait
1779 1529 1883 1594 ille,
1917 1549 2031 1582 ver-

187 1623 323 1674 santi
374 1622 543 1674 visum
595 1634 671 1671 est
723 1620 1054 1670 manifestam
1106 1616 1501 1688 quodammodo
1551 1616 1880 1686 prohibentis
1931 1615 2034 1666 Dei

188 1710 520 1762 voluntatem
558 1727 678 1771 esse,
717 1726 783 1758 ne
821 1720 949 1758 tunc
986 1707 1151 1768 irem3
1210 1724 1375 1775 paene
1410 1704 1691 1773 irreligiosa
1726 1702 2034 1773 improbitas

190 1808 267 1845 est
303 1793 428 1857 visa,
466 1792 507 1843 si
546 1790 751 1842 divinae
788 1789 1135 1859 prohibitioni
1173 1789 1318 1858 quasi
1356 1788 1459 1839 mei
1496 1788 1619 1839 iuris
1656 1786 2033 1839 incumberem.

189 1880 494 1932 Memorans
540 1896 662 1946 ergo
703 1876 1047 1928 Cleantaeum
1088 1874 1254 1927 illud:
1318 1875 1333 1897 ‘
1357 1874 1561 1926 ducunt
1602 1873 1869 1926 volentem
1909 1875 2035 1936 fata,
2059 1891 2110 1927 40

191 1965 461 2018 nolentem
491 1964 746 2027 trahunt,'
763 1963 898 2038 *cessi
926 1962 1119 2027 volens,
1148 1981 1213 2013 ne
1241 1962 1436 2014 invitus
1465 1961 1721 2034 cederem,
1752 1959 2038 2030 praemissis

190 2054 247 2105 in
279 2052 488 2104 Italiam
520 2051 722 2120 aliquot
754 2049 959 2101 famulis
993 2069 1099 2101 non
1131 2049 1290 2118 magis
1324 2063 1384 2100 ut
1417 2049 1707 2118 praesentia
1738 2047 1812 2099 ibi
1842 2066 1933 2099 sua
1964 2046 2038 2098 rei

194 2138 459 2191 familiaris
489 2137 766 2189 necessaria
794 2150 1054 2200 curarent,
1085 2154 1244 2205 quam
1273 2150 1335 2187 ut
1363 2135 1448 2186 hic
1478 2135 1705 2204 digressu
1733 2154 1827 2187 suo
1854 2134 2036 2186 solitu-

199 2226 376 2278 dinem
426 2224 556 2276 mihi
604 2226 835 2275 facerent
882 2222 1131 2274 laxiorem
1180 2222 1457 2292 otiumque
1506 2221 1853 2292 tranquillius,
1924 2221 2039 2272 *Vix

196 2313 331 2365 bene
375 2311 708 2364 discesserant
752 2324 1070 2380 tantumque
1113 2308 1329 2360 aberant
1371 2322 1434 2360 ut
1474 2309 1579 2360 iam
1623 2328 1718 2360 nec
1762 2307 2039 2361 revocandi
2063 2324 2114 2365 45

196 2419 292 2451 nec
335 2397 639 2470 assequendi
680 2397 829 2467 copia
872 2410 1020 2461 esset,
1063 2410 1118 2448 et
1160 2415 1279 2447 ecce
1319 2395 1497 2447 subito
1538 2414 1737 2447 reversa
1776 2395 2039 2460 serenitas,

197 2503 331 2554 quae
355 2484 533 2536 multis
559 2485 663 2535 iam
684 2483 944 2536 mensibus
967 2482 1141 2546 durat,
1163 2482 1343 2534 multis
1364 2495 1486 2533 ante
1513 2481 1788 2534 duraverat
1809 2495 1863 2533 et
1885 2481 2039 2533 dura-

200 2585 320 2622 tura
358 2570 584 2635 videtur,
626 2571 681 2622 ni
721 2584 893 2622 rector
935 2569 1164 2621 siderum
1204 2568 1478 2621 consilium
1522 2582 1714 2633 mutet,
1755 2569 1877 2633 sive,
1920 2568 2042 2638 quia

201 2657 476 2709 consilium
527 2658 746 2709 Domini
784 2658 839 2708 in
877 2670 1149 2708 aeternum
1187 2669 1383 2721 manet,
1424 2656 1567 2707 novis
1608 2654 1750 2708 aliud
1799 2654 2043 2707 ostendat

204 2744 493 2796 effectibus.
576 2744 765 2814 Itaque
809 2763 915 2814 quo
959 2743 1117 2813 magis
1163 2743 1354 2812 cogito,
1401 2762 1462 2794 eo
1506 2743 1666 2812 magis
1709 2743 1764 2793 in
1808 2755 2043 2793 mentem
2066 2757 2115 2798 50

202 2830 366 2894 venit,
412 2830 530 2882 Deo
573 2830 812 2882 humanis
856 2829 1097 2900 periculis
1142 2843 1465 2894 occurrente,
1512 2828 1840 2881 terrestribus
1885 2842 2044 2898 atque

203 2916 510 2969 coelestibus
555 2916 947 2986 impedimentis
993 2918 1258 2968 frenatum
1302 2918 1442 2968 forte
1487 2915 1800 2968 desiderium
1846 2933 2043 2979 meum,

204 3002 350 3073 quod
387 3003 443 3053 in
484 3002 691 3054 Italiam
731 3021 816 3054 me
857 3002 1115 3054 trahebat.
1193 3002 1359 3054 Nobis
1401 3021 1591 3072 nempe
1631 3021 1765 3072 quae
1804 3002 2042 3071 cupimus

204 3104 350 3159 grata
394 3103 623 3155 tantum,
667 3091 785 3141 Deo
828 3090 987 3141 etiam
1032 3103 1158 3141 nota
1198 3103 1337 3142 sunt.
1417 3089 1563 3148 Quid
1604 3090 1660 3141 ni
1703 3102 1881 3141 autem
1923 3087 2044 3140 ideo

204 3175 691 3247 opiner³talem'uti
721 3190 934 3246 patrum
966 3176 1218 3228 memoria
1249 3194 1521 3246 nunquam
1553 3175 2044 3249 fuitji-,r—nbremslshoc
2071 3190 2120 3233 55

206 3281 343 3314 anno
385 3262 599 3314 unicum
639 3262 696 3313 in
734 3261 885 3314 illum
927 3261 1066 3313 diem
1110 3276 1163 3313 et
1204 3262 1260 3314 in
1301 3263 1466 3332 ipsam
1509 3262 1678 3313 abitus
1719 3261 1822 3312 mei
1863 3260 2046 3312 horam
