2242 3600
641 156 1138 213 FRANCISCO
1194 159 1490 212 BRVNO
1889 173 1980 228 193

142 293 303 364 possit
336 291 547 358 afficior,
582 307 636 345 et
669 305 886 362 propter
918 310 970 344 se
1000 292 1172 360 ipsum
1206 291 1382 359 magis,
1451 289 1624 342 Crede
1656 288 1797 341 enim
1830 288 1979 353 mihi,

142 399 263 433 vere
293 379 523 450 phoenix
552 380 734 432 unicus
773 392 850 431 est
880 379 936 430 in
967 378 1149 430 terris?
1216 377 1334 429 Hoc
1365 378 1561 429 iterum
1593 389 1754 446 atque
1783 376 1979 428 iterum

143 452 519 538 cum‘ffi'xisset,
549 465 694 518 abiit.
2002 493 2050 534 15

212 553 357 606 Vnus
385 566 563 605 autem
584 571 612 605 e
629 550 864 622 patribus
885 549 1195 615 reverendiS‚
1217 550 1309 620 qui
1330 550 1496 619 digito
1516 542 1719 601 caelum
1736 547 1977 613 volvunt,

143 638 235 691 ino
274 638 377 690 iam
420 638 643 707 digresso
682 654 975 689 sermonem
1018 635 1084 688 de
1123 654 1208 687 me
1249 635 1492 688 habitum
1533 634 1881 704 reassumpsit,
1924 647 1978 685 et

140 724 471 778 laudatorem
494 738 547 778 et
567 723 843 776 laudatum
866 722 1181 775 mordaciter
1202 722 1487 787 irridend0,
1498 721 1776 802 *plioenicis
1799 719 1977 791 appel-

140 812 396 865 lationem
428 811 484 863 in
519 811 717 863 diversa
751 810 998 863 distorsit.
1069 810 1138 862 Et
1172 809 1407 880 quamvis
1443 822 1504 861 tu
1536 808 1692 861 insita
1725 807 1979 859 modestia

144 911 434 967 utrumque
462 896 815 967 suppresseriS,
845 915 940 965 ego
977 909 1156 948 tamen
1192 909 1246 948 et
1283 895 1397 965 quis
1433 894 1538 947 fuit
1575 907 1629 946 et
1665 892 1796 964 quid
1828 892 1977 958 dixit,
2002 917 2052 945 20

144 984 290 1055 quasi
315 983 465 1036 rebus
486 984 605 1053 ipsis
634 982 984 1049 interfuerim,
1006 1002 1152 1036 nosse
1180 981 1311 1034 mihi
1338 981 1534 1034 videor.
1599 980 1779 1032 Potest
1807 979 1978 1050 plane,

143 1086 199 1125 et
240 1085 427 1123 natura
468 1069 701 1123 tumidus
744 1083 798 1122 et
838 1070 1070 1134 fortuna,
1113 1067 1376 1139 quidquid
1414 1067 1512 1119 sibi
1552 1067 1608 1119 in
1649 1085 1703 1119 os
1746 1065 1981 1136 amplum

142 1158 345 1212 venerit
382 1157 446 1209 de
481 1175 566 1209 me
598 1156 763 1227 loqui,
800 1156 926 1208 olim
960 1155 1057 1208 sibi
1094 1154 1443 1219 dilectissimo,
1480 1171 1621 1206 nunc
1654 1153 1837 1218 inviSO,
1873 1153 1983 1222 ipse

102 1301 108 1306 ,
144 1263 358 1315 quoque
379 1243 650 1297 interdum
675 1262 818 1296 carus
844 1243 991 1308 mihi,
1018 1261 1157 1295 nunc
1182 1261 1245 1293 ex
1269 1241 1459 1293 merito
1476 1239 1705 1314 odiosus.
1775 1240 1980 1294 Vtrius-

145 1350 249 1402 que
274 1331 316 1383 si
342 1349 547 1383 causam
575 1323 880 1383 mutationis
910 1349 971 1381 ex
998 1347 1083 1381 me
1109 1327 1328 1399 quaeris,
1358 1327 1528 1379 dicam
1555 1326 1800 1379 breviter.
1864 1325 1983 1396 Ipse
2005 1345 2055 1388 25

145 1437 230 1471 me
267 1431 486 1489 propter
521 1417 789 1470 inimicam
826 1435 974 1469 suam
1011 1416 1289 1469 veritatem
1328 1414 1443 1467 odit
1482 1427 1536 1466 et
1574 1427 1793 1484 propter
1822 1412 1980 1465 liber-

93 1570 100 1575 *
145 1519 329 1571 tatem,
373 1523 508 1575 quae
548 1503 820 1575 superbiae
859 1522 1064 1574 semper
1114 1502 1324 1555 adversa
1373 1515 1485 1566 est3
1550 1519 1645 1570 ego
1693 1499 1844 1552 illum
1883 1499 1982 1573 gdi

142 1605 362 1663 propter
402 1590 587 1656 multa,
628 1590 719 1643 sed
761 1591 817 1642 in
857 1590 1036 1661 primis
1076 1603 1294 1660 propter
1337 1588 1566 1641 amicum
1618 1586 1716 1639 sibi
1771 1586 1982 1639 menda-

108 1675 114 1681 ’
144 1678 303 1744 cium,
330 1677 492 1744 cuius,
519 1692 582 1731 ut
606 1697 715 1730 uno
739 1677 901 1731 verbo
927 1676 1217 1747 expediam,
1243 1676 1352 1746 ipse
1377 1693 1591 1746 quoque
1619 1692 1742 1726 cum
1774 1673 1982 1726 diabolo

142 1780 293 1837 pater
315 1782 411 1821 est.
2005 1756 2074 1823 30*

211 1852 282 1906 Et
311 1852 376 1904 de
401 1851 493 1904 illo
520 1851 737 1922 quidem
763 1851 901 1917 satis,
929 1852 1095 1903 immo
1123 1850 1275 1902 nimis
1304 1863 1381 1902 est
1410 1848 1632 1914 dictum,
1661 1866 1983 1920 quamquam

143 1954 199 1993 et
229 1938 401 1992 multo
429 1938 580 2009 plura
607 1939 649 1991 si
676 1937 839 1991 libeat
868 1938 1078 2008 possim,
1110 1950 1164 1989 et
1194 1935 1400 1989 nullum
1430 1935 1665 2000 timeam,
1697 1934 1793 1986 nisi
1823 1952 1983 2005 quem
2035 1926 2038 1928 ’

145 2025 322 2101 diligo,
393 2025 575 2096 Ipsum
627 2044 751 2078 vero
790 2044 898 2077 non
938 2024 1169 2094 diligam,
1205 2037 1267 2076 ut
1306 2022 1513 2075 audisti.
1596 2022 1666 2074 Et
1705 2040 1738 2074 o
1777 2021 1982 2073 utinam

142 2114 253 2184 ipse
281 2127 335 2166 et
365 2131 461 2182 ego
488 2111 643 2165 simul
672 2130 840 2183 aequo
867 2112 924 2164 in
951 2125 1094 2164 statu
1124 2128 1300 2163 rerum
1330 2107 1720 2179 temporalium,
1751 2126 1859 2160 non
1888 2126 1984 2176 ego

145 2218 360 2270 magnus
405 2214 467 2253 ut
510 2199 635 2271 ipse,
680 2199 781 2251 hoc
825 2199 967 2251 enim
1011 2198 1159 2251 novit
1204 2196 1443 2249 Christus
1488 2194 1700 2260 nollem,
1743 2193 1834 2247 sed
1875 2195 1987 2265 ipse
2006 2210 2057 2252 35

145 2306 331 2358 parvus
369 2300 431 2339 ut
469 2305 582 2355 eg0,
621 2285 812 2338 alicubi
847 2285 993 2338 iustis
1030 2284 1127 2336 sub
1163 2282 1422 2336 iudicibus
1460 2282 1785 2335 viveremus!
1860 2280 1986 2333 Cito

143 2375 303 2439 enim,
329 2374 424 2426 nisi
446 2373 598 2426 fallor
621 2373 855 2443 auguri0,
881 2391 988 2425 non
1011 2391 1108 2441 ego
1130 2370 1347 2441 quidem
1370 2369 1617 2441 phoenix,
1641 2368 1788 2439 quod
1810 2386 1987 2420 amore

144 2464 350 2532 lynceos
388 2461 621 2531 alioquin
657 2459 831 2513 oculos
865 2458 1283 2530 praestringente
1308 2455 1553 2508 laudator
1579 2474 1723 2508 meus
1753 2455 1985 2519 asseruit,

144 2566 329 2601 verum
358 2548 468 2618 ipse
495 2547 640 2600 bubo
668 2560 797 2599 esset
826 2560 918 2598 aut
946 2559 1140 2598 noctua
1163 2565 1177 2609 ;
1225 2543 1351 2596 haec
1379 2542 1651 2595 stomacho
1676 2541 1987 2610 indignante

144 2634 488 2706 profuderim.
584 2632 827 2685 Credunt
879 2632 1019 2684 enim
1069 2644 1289 2701 propter
1339 2629 1474 2681 male
1523 2642 1694 2699 partas
1746 2642 1801 2681 et
1853 2627 1988 2680 male
2004 2645 2058 2684 4ο

145 2720 433 2792 perdendas
471 2738 592 2790 opes
629 2719 727 2771 sibi
764 2718 940 2771 omnia
975 2717 1165 2782 licere3
1222 2716 1313 2769 sed
1349 2730 1444 2782 est,
1482 2729 1545 2768 ut
1582 2714 1675 2768 ubi
1712 2715 1879 2785 copia,
1916 2715 1988 2766 sic

144 2808 324 2879 inopia
349 2807 439 2860 dat
466 2807 662 2859 animos
689 2805 756 2858 ad
778 2804 1124 2876 loquendum,
1152 2803 1438 2874 multisque
1461 2802 1731 2855 silentium
1755 2801 1990 2854 indixere

148 2895 362 2949 divitiae
387 2934 401 2947 .
429 2934 443 2947 .
472 2934 485 2946 .
530 2891 635 2964 [He
654 2892 890 2945 discusses
916 2892 995 2944 the
1015 2892 1232 2961 question
1247 2890 1463 2943 whether
1481 2890 1541 2943 he
1561 2908 1676 2960 may
1696 2901 1871 2959 expect
1890 2906 1990 2958 any

150 2980 505 3062 &vancement
514 2980 652 3050 from
682 2977 761 3030 the
786 2976 959 3049 Pope.]
1017 2976 1162 3030 Vale.
1224 2975 1423 3047 [1372.]

392 3079 400 3092 ς

131 3142 184 3196 ρ
188 3115 232 3165 ⁶0¹
255 3113 282 3161 ἢ»
295 3114 392 3179 ,μαψ
410 3114 413 3118 ”

224 3340 327 3396 2⁵⁴8
1057 3342 1092 3376 0
