2242 3600
237 193 333 247 150
431 170 433 173 ¹
700 179 985 233 PETRO
1041 182 1594 236 BONONIENSI

228 307 450 358 inermes
496 306 780 359 Graeculos
828 321 881 359 et
927 310 1217 378 nequitiam
1262 311 1584 379 fugitivam?
1667 311 1926 380 Magnum
1971 325 2067 378 est,

161 407 208 447 25
230 391 374 462 quod
401 407 576 445 nostra
602 393 761 444 etiam
789 412 928 445 nunc
955 407 1126 447 aetate
1153 409 1262 447 tam
1288 396 1396 448 cito
1411 396 1726 474 ¹fortitudini
1747 398 1893 465 fraus
1923 397 2082 460 cedit,

175 491 283 549 met
324 478 613 545 yirtutibus
660 479 788 547 vitia
832 480 1185 534 succumbunt
1232 481 1482 552 quodque
1529 502 1668 534 nunc
1715 483 1874 535 etiam
1901 483 2065 554 „Deus

201 578 376 617 “curat
404 578 563 634 atque
589 565 772 634 aspicit
799 584 874 617 res
901 565 1151 620 humanas
1180 608 1191 620 .
1223 608 1234 620 .
1265 608 1277 620 .
1342 566 1451 638 [On
1477 568 1777 621 Providence
1803 570 1858 622 in
1882 547 2066 622 hffman

229 650 448 721 affairs]

276 738 541 810 ⁴Longum
569 757 739 808 neque
765 740 1007 809 occupati
1036 754 1195 810 atque
1221 741 1431 793 humilis
1458 729 1564 794 stili
1591 755 1668 793 est
1702 755 1871 794 totam
1880 761 2065 806 ,sacrae

155 843 205 880 30
226 825 408 876 seriem
463 823 694 876 laetitiae
748 824 916 877 verbis
973 826 1236 895 amplecti.
1330 828 1525 879 Rerum
1563 845 1822 879 summam
1868 807 2060 898 330in

226 911 365 962 Cum
408 932 451 964 a.
474 912 523 964 d.
573 930 628 964 11.
671 912 811 963 Non.
854 912 994 963 Iunii
1036 915 1159 965 anni
1196 913 1346 965 huius
1389 933 1696 966 MCCCLxun
1733 913 1860 965 hora
1898 915 2064 966 ferme

226 997 327 1048 diei
362 1010 505 1048 sexta
540 998 678 1051 forte
714 997 780 1048 ad
815 999 1095 1049 fenestram
1130 1012 1338 1065 starem,
1376 1001 1536 1052 maria
1571 999 1675 1051 alta
1710 1013 2062 1070 prospectans,

224 1097 460 1152 essetque
514 1102 617 1134 una
671 1084 832 1135 frater
886 1083 1012 1135 olim
1067 1103 1229 1150 meus,
1271 1105 1410 1137 nunc
1466 1099 1615 1155 pater
1663 1085 2062 1151 amantissimus,

223 1170 537 1221 Patracensis
579 1168 1030 1239 Archiepiscopus,
1071 1170 1162 1240 qui
1203 1171 1444 1223 autumni
1483 1171 1742 1240 principio
1782 1170 1848 1222 ad
1884 1170 2062 1223 sedem

152 1275 199 1315 35
223 1256 489 1326 propriam
539 1256 866 1320 transiturUS‚
917 1270 1135 1326 propter
1182 1257 1459 1310 immotam
1507 1259 1751 1309 fortunae
1772 1257 2061 1310 »favoribus

224 1343 515 1407 caritatem,
562 1343 647 1394 hic
699 1342 754 1393 in
807 1342 965 1394 domo
1014 1362 1121 1408 sua,
1168 1362 1301 1413 quae
1352 1363 1467 1396 mea
1518 1342 1729 1408 dicitur,
1774 1343 1908 1395 hanc
1931 1343 2060 1412 'agit

223 1442 492 1493 aestatem,
533 1427 709 1480 subito
748 1428 1023 1498 longarum
1064 1448 1167 1480 una
1208 1429 1438 1494 navium,
1480 1448 1605 1498 quas
1645 1428 1810 1498 galeas
1849 1442 2059 1494 vocant,

221 1515 372 1566 ramis
430 1508 764 1566 circumfulta
820 1514 1207 1580 frondentibus,
1265 1528 1447 1584 portus
1505 1515 1635 1567 ostia
1690 1516 1844 1567 remis
1897 1515 2058 1580 subit,

218 1603 437 1672 inopino
476 1615 758 1672 prospectu
793 1616 1031 1653 nostrum
1071 1601 1394 1671 colloquium
1432 1602 1835 1671 interrumpens.
1905 1601 2058 1654 Ilicet

147 1712 197 1747 40
219 1689 494 1758 augurium
537 1688 802 1757 coepimus
840 1687 969 1762 xlaeti
1013 1687 1211 1757 aliquid
1254 1687 1473 1739 rumoris
1515 1686 1658 1739 illam
1700 1687 1887 1740 vehere
1909 1708 1928 1752 3⁴
1985 1688 2057 1739 sic

219 1775 375 1827 tonsis
396 1774 527 1827 vada
549 1774 860 1842 frangebant
882 1773 1004 1825 velis
1029 1787 1218 1825 nautae
1241 1772 1426 1825 alacres
1450 1787 1503 1824 et
1526 1772 1798 1826 frondibus
1821 1774 2057 1826 coronati
2108 1807 2112 1810 -

215 1862 443 1926 iuvenes,
470 1860 609 1912 laeto
635 1861 805 1925 vultu,
833 1860 1136 1930 vexillisque
1160 1878 1315 1929 super
1340 1860 1590 1911 verticem
1617 1860 1822 1928 agitatis
1849 1879 1877 1911 e
1903 1879 2056 1930 prora

215 1948 323 2018 ipsa
338 1948 631 2019 yictricem,
653 1947 742 1999 sed
763 1946 935 1999 adhuc
955 1947 1187 2016 ignaram
1209 1946 1299 2011 rei,
1322 1946 1544 2015 patriam
1564 1945 1876 1998 salutabant.
1940 1946 2054 1998 Iam

216 2036 516 2105 peregrinae
554 2034 693 2086 navis
732 2034 1037 2098 adventum,
1074 2034 1220 2102 signo
1258 2032 1400 2098 dato,
1437 2051 1669 2084 summae
1707 2033 1861 2084 turris
1898 2051 2052 2085 excu-

143 2140 192 2181 45
217 2121 357 2173 bitor
384 2122 671 2186 nuntiarat,
699 2122 878 2191 itaque
906 2122 1096 2174 nullius
1124 2120 1363 2190 imperio,
1391 2119 1480 2171 sed
1508 2118 1754 2171 noscendi
1782 2118 2053 2185 desiderio,

217 2208 282 2259 ad
311 2208 435 2260 litus
470 2228 497 2260 e
531 2222 646 2260 tota
677 2208 807 2260 urbe
838 2226 1148 2260 concursum
1182 2221 1308 2258 erat.
1379 2206 1518 2258 Cum
1549 2225 1673 2258 vero
1703 2206 1807 2257 iam
1839 2206 2055 2276 propior
2115 2236 2120 2246 -

215 2297 353 2348 facta
383 2309 436 2347 et
466 2295 699 2347 subiecta
729 2294 888 2347 oculis
920 2314 996 2346 res
1027 2307 1174 2358 esset,
1207 2293 1523 2345 advertimus
1553 2293 1695 2361 signa
1708 2292 1957 2366 qhostium
1988 2292 2054 2344 de

216 2401 395 2452 puppe
423 2381 726 2452 pendentia,
759 2381 995 2451 nihilq-ue
1022 2381 1126 2432 iam
1158 2379 1305 2432 dubii
1333 2393 1598 2449 supererat
1639 2379 1768 2448 quin
1805 2379 2055 2447 &ctoriae

215 2469 401 2520 nuntia
427 2469 566 2520 navis
592 2482 738 2520 esset.
801 2467 1046 2520 Necdum
1074 2481 1250 2519 tamen
1276 2466 1416 2531 bel'li,
1441 2465 1531 2518 sed
1555 2465 1739 2535 proelii
1763 2465 2052 2536 cuiuspiam

145 2576 193 2616 50
217 2569 307 2606 aut
347 2570 528 2624 captae
567 2555 707 2606 urbis
748 2554 959 2606 alicuius
998 2554 1271 2606 victoriam
1309 2552 1657 2623 sperabamuS,
1698 2571 1869 2622 neque
1906 2551 2053 2623 quod

217 2656 327 2694 erat
353 2629 628 2711 capiebant
655 2642 830 2693 animi.
893 2641 966 2693 At
992 2641 1083 2693 ubi
1108 2641 1163 2692 in
1190 2654 1382 2692 terram
1408 2636 1590 2708 egressi
1617 2636 1791 2690 nuntii
1815 2637 1972 2691 verba
1995 2639 2053 2690 in

216 2728 446 2780 Consilio
473 2730 657 2792 fecere,
684 2747 837 2797 supra
861 2746 1007 2797 spem
1033 2745 1292 2796 supraque
1322 2725 1480 2777 fidem
1505 2725 1641 2777 laeta
1667 2725 1843 2777 omnia
1863 2745 1877 2790 ;
1895 2725 2052 2792 &ficti

160 2800 164 2810 i
190 2815 374 2879 enim,
401 2814 548 2889 caesi,
575 2814 715 2883 capti
741 2827 795 2865 et
820 2813 987 2882 fugati
1012 2812 1201 2877 hosteS,
1227 2812 1360 2864 cives
1386 2811 1602 2863 vinculis
1628 2811 1783 2889 eruti,
1808 2799 1960 2863 urbes
1985 2809 2053 2862 ad

207 2900 806 2979 pbsequium'*reversae‚
845 2899 1206 2968 reimpositum
1243 2897 1433 2950 Cretae
1468 2894 1671 2973 iugum,-
1695 2897 1874 2967 ‘posita
1910 2915 2051 2948 arma

144 3011 191 3051 55
217 2986 467 3051 victricia,
511 2999 726 3055 pactum
770 2983 997 3054 denique
1037 2974 1172 3045 sine?
1195 2983 1371 3053 ςειςᾴἐ·
1401 2950 1598 3034 bellum
1648 2996 1701 3034 et
1750 3000 1852 3052 pax
1900 2995 2051 3052 parta

216 3092 337 3125 cum
365 3072 542 3142 gloria.
607 3071 809 3130 Quibus
839 3071 1058 3139 cognitis
1088 3071 1213 3121 Dux
1240 3069 1553 3121 Laurentius
1581 3088 1700 3121 vere
1728 3067 1923 3132 Celsus,
1951 3068 2048 3133 vir,

217 3161 312 3211 nisi
341 3178 425 3210 me
452 3158 669 3210 forsitan
698 3176 841 3208 amor
869 3156 1020 3221 fallit,
1051 3170 1104 3208 et
1134 3155 1495 3225 magnitudine
1525 3155 1766 3207 animi¹et
1793 3154 2050 3207 suavitate

217 3265 444 3311 morum,
473 3232 731 3315 superque
760 3245 934 3296 omnia
962 3243 1204 3311 singulari
1233 3243 1431 3312 pietate
1460 3255 1619 3311 atque
1648 3260 1822 3293 amore
1849 3240 2050 3310 patriae
