2242 3600
255 153 350 207 104
757 133 1156 187 NICOLAO
1213 134 1557 187 SYGERO

176 286 223 327 35
248 282 367 316 cum
401 283 506 334 spe.
576 263 757 332 Longe
794 263 979 332 impar,
1014 264 1199 328 fateor,
1235 262 1314 314 tui
1352 276 1406 314 et
1442 261 1577 314 illius
1606 262 1762 333 ratio.
1829 261 1917 316 Tu
1950 263 2080 316 mihi

247 349 430 415 multa,
456 370 552 419 ego
577 350 674 402 tibi
698 348 827 419 quid
851 351 1085 402 conferre
1108 349 1298 420 possim
1322 368 1429 401 non
1451 348 1704 418 intelligo.
1765 349 1861 402 Ille
1884 363 2080 415 autem,

247 455 367 489 cum
408 435 575 488 multa
614 435 743 487 mihi
784 434 1094 504 quotidiano
1133 435 1430 504 magisterio
1470 435 1719 504 coepisset
1758 434 2080 506 impendere,

247 542 353 574 non
381 522 623 592 pauciora
652 520 884 591 quidem,
913 540 1063 590 saepe
1091 521 1250 572 etiam
1284 520 1489 574 lucrum
1517 521 1698 590 ingens
1736 540 1799 573 ex
1834 522 2080 575 convictu

246 622 424 660 nostro
460 628 564 660 sese
600 608 866 677 percipere
901 606 1183 671 fatebatur,
1222 606 1435 672 urbane,
1475 607 1646 659 nescio
1681 626 1747 659 an
1782 626 1935 672 vere3
1990 606 2083 660 sed

175 716 226 751 40
246 709 355 746 erat
383 694 469 745 ille
495 695 573 746 vir
601 708 660 745 ut
687 691 1118 762 locupletissimus
1147 693 1395 758 Graecae,
1423 694 1493 745 sic
1521 693 1785 745 Romanae
1810 692 2083 746 facundiae

245 781 621 851 pauperrimuS,
646 793 699 831 et
722 779 814 849 qui
836 779 1046 848 ingenio
1069 778 1228 849 agilis,
1253 779 1587 832 enuntiandis
1611 794 1788 832 tamen
1811 779 2082 833 affecti-bus

243 866 519 918 laboraret.
590 866 779 934 Itaque
811 865 1034 917 vicissim
1069 879 1121 917 et
1155 885 1250 934 ego
1284 865 1408 918 fines
1441 885 1555 918 suos
1589 865 1679 918 illo
1713 864 1846 918 duce
1879 864 2084 936 trepide

245 952 500 1016 subibam,
543 965 596 1003 et
635 950 724 1002 ille
764 964 883 1020 post
924 969 1008 1002 me
1047 970 1197 1020 saepe
1238 951 1423 1003 nostris
1463 952 1518 1003 in
1560 951 1747 1004 finibus
1788 949 2082 1015 oberrabat,

247 1055 565 1107 quamquam
616 1036 882 1088 stabiliore
933 1037 1168 1106 vestigio,
1257 1037 1395 1088 Nam
1447 1051 1500 1089 et
1551 1037 1636 1089 hic
1688 1055 1899 1107 quoque
1942 1037 2084 1109 ratio

176 1142 223 1183 45
248 1124 459 1176 diversa.
532 1123 616 1175 Illi
650 1124 790 1174 enim
825 1123 939 1193 plus
974 1122 1145 1176 multo
1178 1122 1358 1175 Latini
1392 1142 1550 1193 quam
1585 1124 1716 1175 mihi
1749 1123 1938 1176 Graeci
1971 1136 2083 1175 erat

246 1209 474 1280 eloquii3
529 1229 624 1279 ego
658 1223 774 1261 tum
805 1209 1035 1279 primum
1068 1209 1395 1274 inchoabam,
1424 1209 1807 1280 aliquantulum
1839 1208 1926 1261 ille
1958 1227 2079 1278 pro-

247 1311 479 1361 cesserat,
502 1310 563 1348 ut
589 1296 679 1366 qui
702 1296 883 1347 Italica
906 1309 1057 1348 natus
1084 1309 1211 1347 esset
1236 1296 1291 1347 in
1316 1296 1535 1348 Graecia
1556 1310 1609 1348 et
1634 1296 1745 1366 qui,
1766 1295 1890 1347 licet
1913 1307 2083 1362 aetate

246 1384 559 1455 provectior,
600 1382 913 1434 Latinorum
946 1382 1392 1434 conversationem
1431 1382 1893 1452 magisteriumque
1928 1380 2080 1433 sorti-

249 1484 349 1533 tus,
380 1467 445 1519 ad
474 1481 715 1520 naturam
745 1467 1011 1538 propriam
1040 1467 1239 1519 facilius
1269 1482 1539 1519 remearet.

183 1578 231 1617 50
316 1554 474 1607 Illum
506 1573 662 1622 mors,
693 1568 754 1606 ut
786 1554 943 1624 paulo
975 1567 1096 1605 ante
1128 1568 1339 1624 questus
1370 1572 1502 1619 sum,
1537 1568 1592 1606 te
1625 1554 1754 1606 mihi
1786 1554 1944 1606 morti
1976 1540 2084 1606 non

247 1641 489 1693 absimilis
527 1641 663 1711 rapit
701 1640 932 1692 absentia
953 1660 967 1704 3
1026 1640 1121 1692 etsi
1157 1640 1315 1705 enim,
1354 1640 1673 1710 ubicumque
1708 1640 1789 1705 εἰς,
1829 1639 1894 1692 de
1931 1653 2083 1692 tanto

245 1727 500 1797 gaudeam
532 1727 716 1792 amico,
749 1727 865 1779 viva
898 1740 1074 1778 tamen
1104 1726 1191 1778 illa
1225 1741 1315 1780 tua
1346 1747 1463 1792 vox,
1497 1747 1629 1798 quae
1662 1726 1891 1779 discendi
1921 1726 2082 1792 sitim,

247 1833 350 1884 qua
383 1832 467 1865 me
502 1813 667 1865 teneri
702 1833 808 1865 non
843 1812 1124 1878 dissimu10‚
1158 1827 1329 1883 posset
1362 1813 1444 1866 vel
1477 1812 1757 1865 accendere
1789 1813 1870 1866 vel
1901 1812 2081 1879 lenire,

248 1901 464 1952 minime
483 1919 625 1952 aures
645 1919 780 1952 meas
799 1900 939 1964 ferit,
958 1900 1067 1951 sine
1086 1919 1188 1969 qua
1206 1901 1467 1952 Homerus
1487 1913 1606 1952 tuus
1625 1899 1766 1970 apud
1783 1918 1868 1951 me
1882 1912 2080 1977 mutuS,

183 2008 228 2050 55
247 1988 410 2039 immo
446 2007 569 2039 vero
606 2007 701 2056 ego
740 1986 881 2056 apud
915 1986 1065 2038 illum
1091 1986 1284 2057 gurdus
1321 2005 1452 2038 sum.
1526 1985 1748 2039 Gaudeo
1787 2000 1963 2038 tamen
1999 1983 2082 2038 vel

247 2087 458 2144 aspectu
494 2072 603 2124 solo
638 2086 692 2124 et
728 2092 877 2142 saepe
912 2072 1061 2124 iHum
1099 2072 1362 2142 amplexus
1399 2092 1456 2124 ac
1491 2072 1744 2142 suspirans
1783 2071 1934 2124 dico:
1993 2073 2007 2095 ‘
2031 2070 2081 2123 O

247 2179 432 2229 magne
467 2160 562 2223 vir,
599 2177 757 2228 quam
793 2158 983 2229 cupide
1019 2173 1072 2210 te
1108 2158 1378 2213 audirem!
1469 2158 1571 2211 Sed
1606 2158 1810 2211 aurium
1846 2176 2080 2210 mearum

247 2245 398 2297 aliam
450 2265 586 2297 mors
635 2245 913 2310 obstruxit,
966 2245 1116 2297 aliam
1174 2245 1526 2316 longinquitas
1575 2245 1737 2297 invisa
1787 2245 2078 2297 terrarum.’

247 2331 373 2382 Tibi
413 2331 626 2402 quidem
666 2351 762 2401 pro
801 2331 987 2383 eximia
1025 2331 1340 2384 liberalitate
1376 2332 1562 2401 gratias
1601 2351 1712 2400 ago.
1796 2330 1921 2383 Erat
1950 2330 2080 2385 mihi

178 2432 227 2471 60
251 2417 411 2482 domi,
441 2418 587 2469 dictu
620 2418 811 2469 mirum
844 2417 907 2469 ab
940 2437 1120 2470 occasu
1152 2418 1378 2483 venienS,
1410 2417 1536 2469 olim
1561 2416 1715 2492 {lato
1741 2415 2078 2487 philosopho-

248 2523 365 2555 rum
404 2504 660 2574 princeps,
692 2518 753 2556 ut
785 2504 923 2555 nosti
960 2505 1152 2574 (neque
1187 2504 1327 2556 enim
1359 2522 1537 2556 vereor
1572 2522 1637 2555 ne
1677 2517 1736 2555 tu
1776 2517 1963 2556 tantus.
1982 2502 2079 2569 vir,

249 2590 394 2661 quod
426 2590 715 2643 scholastici
747 2590 962 2660 quidam
999 2590 1185 2656 solent,
1213 2590 1335 2643 huic
1372 2589 1648 2660 praeconio
1682 2589 1965 2660 obstrepaS‚
1995 2582 2080 2650 cui

250 2696 356 2729 non
374 2677 558 2729 Cicero
575 2677 699 2746 ipse,
719 2695 824 2728 non
844 2676 1051 2742 Seneca,
1071 2696 1178 2729 non
1197 2676 1464 2748 ApuleiuS,
1486 2695 1592 2728 non
1612 2675 1846 2729 Plotinus
1864 2694 2078 2746 magnus

246 2763 334 2815 ille
351 2762 664 2828 PlatonicuS,
686 2777 951 2833 postremo
971 2783 1077 2815 non
1096 2763 1416 2828 AmbrosiuS,
1437 2781 1543 2814 non
1562 2761 1882 2832 Augustinus
1903 2775 2078 2815 noster

177 2862 225 2913 65
250 2849 614 2919 obstreperet),
655 2869 793 2901 nunc
831 2850 1043 2901 tandem
1080 2864 1174 2902 tuo
1210 2868 1440 2915 munere,
1477 2849 1554 2902 vir
1587 2849 1814 2918 insignis,
1849 2848 2075 2919 philoso-

250 2936 477 3006 phorum
494 2935 717 3005 principi
739 2950 1014 3004 poetarum
1037 2936 1224 2989 Graius
1241 2936 1477 3006 princeps
1496 2935 1719 2987 accessit.
1773 2935 1900 2995 Quis
1919 2934 2076 2987 tantis

248 3044 353 3076 non
383 3024 605 3093 gaudeat
634 3039 687 3076 et
717 3024 968 3093 glorietur
999 3025 1288 3095 hospitibus
1313 3027 1330 3075 ἓ
1389 3022 1573 3074 Habeo
1600 3022 1814 3092 quidem
1841 3041 1903 3074 ex
1926 3034 2073 3074 utro-

248 3128 350 3179 que
382 3124 639 3180 quantum
672 3110 926 3162 Latinitas
963 3110 1121 3162 habet
1158 3111 1213 3162 in
1249 3127 1483 3161 sermone
1514 3108 1701 3178 patri0,
1727 3107 1818 3160 sed
1848 3099 2073 3160 Graecos

249 3197 463 3266 proprio
491 3197 545 3248 in
573 3195 759 3248 habitu
786 3210 1036 3267 spectare,
1063 3196 1157 3247 etsi
1183 3198 1322 3248 forte
1350 3213 1456 3247 non
1484 3194 1668 3263 prosit,
1695 3207 1836 3246 certe
1858 3193 2018 3246 iuvat.
