2242 3600
937 172 1264 226 IANINo
1818 175 1828 183 ·
1935 188 2031 243 203>
2079 211 2086 217 .

197 321 319 355 cum
345 302 633 356 coaetaneis
663 302 787 354 meis
815 302 1067 366 conferar,
1091 300 1220 352 nihil
1240 300 1353 366 sim,
1383 300 1512 353 dum
1538 300 1596 353 in
1615 299 1797 353 Galliis
1828 319 2033 370 agerem

196 388 484 442 admodum
512 388 822 453 adolescenS,
851 386 1047 439 nobiles
1077 386 1331 457 quosdam
1361 401 1422 440 et
1440 385 1730 456 ingeniosos
1758 386 1892 439 viros
1922 400 2032 440 tam

197 474 263 527 de
300 474 547 527 ulteriore
586 474 759 527 Gallia
797 491 956 544 quam
991 472 1056 524 de
1090 472 1243 525 Italia
1280 473 1546 527 venientes
1581 472 1648 525 ad
1681 490 1767 525 me
1798 471 1907 525 vidi
1940 471 2031 525 ad·
2055 499 2103 527 10

195 561 403 625 miranS,
425 561 571 613 nullo
596 561 697 614 alio
723 560 936 629 negotio
955 572 1153 614 ,tractos
1175 577 1334 628 quam
1354 573 1415 611 ut
1435 577 1520 612 me
1537 558 1778 611 viderent
1797 576 2031 610 mecum-

195 666 299 718 que
315 646 772 718 colloquerentur?
813 646 1055 706 Quorum
1076 664 1207 698 unus
1229 646 1333 697 fuit
1353 645 1640 698 honorifice
1660 644 2028 710 nominanduS,

195 734 378 787 Petrus
409 733 759 798 PictaviensiS,
787 732 1036 801 religione
1074 745 1127 784 et
1157 731 1345 784 litteris
1377 733 1456 786 vir
1485 732 1694 801 insignis
1718 751 1732 796 ;
1779 745 1940 802 atque
1966 729 2032 783 ad

196 820 551 872 admirationis
579 832 940 889 augmentum,
962 820 1108 871 fuere
1134 817 1294 888 aliqui
1316 819 1410 890 qui
1434 818 1719 888 praemissis
1746 817 2032 887 magnificis

196 907 497 959 muneribus
540 919 901 976 sequerentur,
947 905 1092 976 quasi
1135 903 1450 957 liberalitate
1493 905 1595 957 iter
1637 918 1932 957 sternerent
1977 916 2032 956 et
2056 925 2101 967 15

193 994 369 1046 ianuas
408 993 685 1064 aperirent.
761 992 887 1044 Non
925 1005 1002 1044 est
1040 990 1232 1045 Avinio
1271 990 1531 1056 Rhodani,
1572 990 1665 1043 ubi
1703 1005 1832 1043 tunc
1872 1009 2031 1056 eram,

176 1081 393 1134 ,Romae
426 1079 786 1151 comparabilis
828 1080 933 1133 ulla
972 1079 1028 1131 in
1067 1098 1139 1144 re,
1171 1078 1262 1130 sed
1302 1092 1355 1131 et
1397 1078 1662 1131 Romanus
1693 1078 1939 1130 Pontifex
1979 1091 2033 1130 et

196 1165 364 1219 multa
407 1166 673 1219 Romanae
717 1165 941 1218 civitatis
978 1165 1197 1234 insignia
1231 1164 1337 1216 illic
1388 1178 1554 1229 erant,
1591 1178 1821 1234 suntque
1856 1163 2032 1229 hodie,

184 1253 387 1328 ,Lm-istra
419 1272 587 1324 nuper
612 1271 705 1323 per
736 1251 1010 1306 Vrbanum
1043 1252 1106 1305 V.
1140 1270 1422 1322 parumper
1452 1264 1667 1315 avecta3
1721 1264 1870 1303 erant
1901 1269 2036 1321 quae

191 1339 370 1392 locum
409 1353 527 1392 toto
563 1340 795 1391 facerent
834 1338 960 1391 orbe
997 1340 1291 1403 famosum3
1351 1351 1404 1390 et
1444 1352 1622 1390 tamen
1660 1356 1768 1390 non
1803 1356 1857 1389 se
1894 1336 2036 1389 aliud
2057 1357 2106 1386 20

194 1444 354 1497 quam
392 1444 476 1478 me
513 1444 681 1479 unum
718 1444 966 1496 quaerere
1005 1439 1057 1477 et
1095 1424 1257 1477 verbo
1294 1438 1347 1477 et
1385 1424 1536 1477 rebus
1574 1423 1673 1494 ipsi
1711 1422 2034 1488 fatebantur,

194 1516 359 1584 usque
388 1513 535 1578 ade0,
565 1526 628 1566 ut
655 1512 697 1564 si
727 1511 971 1576 abessem,
1002 1512 1141 1564 forte
1170 1511 1447 1564 confestim
1477 1510 1543 1562 ad
1571 1511 1777 1563 fontem
1808 1509 2034 1579 Sorgiae,

196 1600 288 1653 ubi
312 1600 538 1652 maxime
562 1613 813 1652 aestatem
838 1617 987 1668 agere
1010 1597 1257 1663 solebam,
1284 1597 1524 1650 omnibus
1551 1596 1797 1667 neglectis
1823 1596 2035 1650 accede-

195 1701 330 1741 rent.
588 1737 592 1738 ⁷

264 1773 318 1827 Si
346 1773 537 1826 horum
568 1786 629 1825 tu
658 1771 740 1825 vel
769 1771 955 1824 inscius
987 1789 1111 1823 esses
1142 1769 1224 1823 vel
1251 1768 1566 1835 increduluS,
1599 1771 1680 1822 tui
1709 1782 1851 1821 certe
1880 1767 2037 1839 ipsius
2060 1788 2106 1832 ²5

196 1860 389 1914 oblitus
415 1878 519 1912 esse
545 1878 653 1912 non
677 1872 843 1929 poteS,
871 1857 964 1928 qui
989 1876 1074 1909 me
1100 1856 1191 1909 diu
1215 1870 1397 1927 postea
1420 1857 1476 1908 in
1502 1855 1711 1908 Italiam
1736 1856 1840 1908 iarn
1867 1874 2037 1908 rever-

195 1966 328 2013 sum,
363 1966 470 1999 non
503 1945 719 2016 quidem
754 1959 922 2010 tant0,
958 1962 1149 2014 magno
1182 1957 1360 1996 tamen
1391 1944 1505 1995 viae
1538 1957 1730 2008 tractu,
1766 1960 2038 2013 nunquam

197 2048 350 2087 antea
382 2034 512 2099 mihi
543 2033 676 2086 visus
711 2046 801 2085 aut
835 2031 1073 2101 cognitus
1108 2030 1296 2095 adiisti,
1331 2030 1472 2083 unde
1503 2030 1630 2082 haec
1664 2029 1893 2083 amicitia
1924 2042 2040 2081 orta

197 2135 274 2174 est
295 2117 318 2186 ;ἶ
359 2139 493 2191 quae
522 2119 618 2172 nisi
648 2119 896 2183 durasset,
926 2118 1091 2169 immo
1120 2131 1173 2169 et
1203 2117 1442 2171 crevisset
1470 2117 1526 2169 in
1555 2131 1811 2187 ternpore,
1842 2135 2037 2186 nequa-

197 2225 357 2278 quam
388 2221 498 2259 tam
527 2205 853 2259 familiariter
883 2202 983 2257 tibi
1012 2205 1110 2257 ista
1140 2223 1280 2256 nunc
1309 2203 1604 2256 scriberem.
1671 2203 1820 2263 Quot
1851 2201 2042 2255 deinde
2062 2225 2117 2265 30·

198 2313 363 2364 usque
407 2293 511 2346 huc
560 2293 626 2345 ad
673 2310 757 2344 me
805 2311 867 2344 ex
913 2291 1000 2343 illa
1040 2291 1345 2361 praesertim
1391 2290 1689 2342 studiorum
1736 2288 2042 2341 amicissima

199 2393 459 2432 venerunt
485 2379 820 2449 Parthenope
853 2381 1061 2431 iuvenes
1098 2379 1341 2442 maxime,
1369 2377 1461 2447 qui
1488 2395 1572 2428 me
1605 2377 1679 2429 ibi
1715 2375 2040 2447 temporibus

197 2467 388 2520 summi
424 2467 553 2535 regis
588 2466 775 2518 vidisse
810 2485 917 2518 non
952 2478 1216 2535 poterant,
1254 2478 1472 2534 propter
1508 2478 1739 2517 nostram
1774 2462 2039 2515 familiari·

201 2566 367 2606 tatem
395 2552 493 2605 tibi
522 2572 626 2605 esse
652 2552 837 2622 nequit
865 2551 1150 2603 occultum.

270 2639 416 2692 Sicut
447 2658 541 2691 nec
569 2639 660 2690 ille
683 2638 917 2691 Perusini
944 2638 1074 2690 vatis
1105 2636 1376 2701 adventuS,
1406 2637 1481 2688 ita
1511 2636 1645 2701 dico,
1674 2637 1715 2688 si
1742 2635 2041 2689 litterarum
2063 2659 2112 2701 35

201 2745 346 2778 amor
382 2726 560 2794 ingens
600 2739 653 2777 et
692 2724 1075 2777 ardentissimus
1114 2723 1324 2793 spiritus
1362 2736 1538 2775 vatem
1575 2722 1720 2788 facit,
1759 2723 1851 2793 qui
1888 2741 2042 2796 senex

200 2831 379 2888 caecus
404 2812 470 2864 ad
492 2811 895 2864 Pontremulum
919 2809 1176 2880 oppidum
1199 2809 1394 2861 scholas
1417 2810 1788 2878 grammaticae
1809 2809 2040 2878 regebat.
2109 2861 2113 2865 .

201 2899 404 2952 Audito
431 2912 626 2964 autem,
655 2897 800 2968 quod
827 2897 892 2949 ad
918 2898 1090 2967 ipsum
1119 2896 1183 2948 de
1210 2915 1317 2966 quo
1341 2896 1531 2966 loquor
1557 2915 1732 2965 regern
1761 2896 2042 2966 Neapolim

205 2986 557 3057 perrexissem,
574 2999 635 3037 ut
654 2985 764 3055 qui,
778 2983 993 3037 iuvenili
1009 2985 1147 3036 fastu
1165 2983 1416 3049 tumidus,
1433 2984 1808 3054 cuiuscumque
1828 3001 2044 3034 examen

204 3072 412 3126 alterius
451 3092 512 3125 eo
550 3086 789 3142 ternpore
827 3070 1149 3140 dedignarer,
1188 3070 1279 3141 qui
1318 3090 1456 3123 nunc
1495 3070 1699 3123 nullum
1737 3088 2042 3135 recusarem,
2066 3097 2115 3134 40

206 3159 347 3214 unici
386 3159 478 3212 filii
520 3158 857 3212 adolescentis
890 3158 1111 3211 humero
1143 3157 1348 3210 innixus
1382 3171 1436 3210 et
1468 3157 1577 3228 ipse
1609 3176 1731 3209 mox
1763 3155 2044 3226 Neapolim

206 3263 396 3317 magno
437 3247 539 3299 mei
582 3245 835 3299 desiderio
878 3258 1072 3298 tractus
1113 3245 1274 3298 venit.
1353 3244 1686 3315 Cognitaque
1726 3243 1837 3296 viae
1878 3262 2041 3309 causa,
