2242 3600
244 149 337 198 188
729 146 1231 201 MATTHAEO
1286 149 1599 203 LONGO
1915 152 2079 215 Ἥ

169 286 218 336 65
244 276 449 329 nullum
483 278 632 330 valde
666 292 863 342 metuo,
901 278 995 329 nisi
1028 276 1177 329 valde
1211 295 1397 342 amem,
1434 278 1562 328 nihil
1596 278 1743 330 valde
1777 279 1949 349 cupio,
1984 280 2080 333 nisi

247 361 447 414 bonum
506 364 700 427 finem3
781 363 991 415 turbam
1049 362 1366 414 famulorum
1425 363 1569 415 velut
1626 364 1857 416 hostium
1915 367 2080 434 fugio,

246 448 507 517 fugiturus
541 468 717 500 omnes
749 449 789 500 si
820 449 1037 512 liceret3
1089 448 1144 499 id
1178 468 1242 500 ne
1272 448 1443 513 liceat,
1477 462 1612 501 aetas
1647 463 1806 520 atque
1836 451 2082 520 fragilitas

222 533 498 586 efficiunt.
571 535 881 610 yisitatores
933 534 1077 587 nullo
1127 553 1345 604 usquam
1402 554 1613 600 secessu,
1661 535 1811 601 nullis
1872 535 2082 590 latebris

224 621 427 689 {fugere
471 620 634 686 valeo,
670 621 1022 673 honorificum
1069 621 1207 673 vitae
1255 639 1398 672 meae
1447 621 1680 673 taedium
1727 641 1784 674 ac
1830 621 2080 676 laborem.

175 730 225 771 70
248 706 491 759 Exstruxi
513 707 642 758 mihi
666 708 722 758 in
746 707 961 759 collibus
984 707 1236 776 Euganeis
1258 726 1470 776 parvam
1495 707 1711 777 quidem
1731 708 1821 760 sed
1842 708 2083 762 decoram

247 805 407 861 atque
445 792 718 845 honestam
756 793 1010 857 domum;
1069 793 1143 844 ibi
1179 792 1416 863 reliquias
1456 794 1611 858 vitae,
1648 812 1782 863 quae
1818 794 1989 860 datur,
2030 797 2086 848 in

248 896 374 946 pace
415 878 581 947 exigo,
623 892 675 930 et
713 878 988 931 defunctos
1030 892 1084 930 et
1123 878 1356 931 absentes
1398 879 1587 930 amicos
1627 879 1795 931 tenaci
1834 881 2085 933 memoria

248 963 514 1033 animique
567 964 700 1015 ulnis
754 964 942 1016 arctius
994 982 1198 1033 semper
1250 964 1584 1034 amplectenS,
1625 963 1954 1033 singulariter
2005 965 2085 1018 tui

249 1063 466 1113 memor,
501 1048 579 1100 tui
610 1048 848 1118 cupidus,
879 1049 919 1100 si
949 1068 1053 1119 qua
1082 1051 1185 1100 fors
1215 1049 1423 1101 sineret.
1505 1050 1653 1102 Neve
1683 1049 1813 1119 quid
1843 1063 1897 1102 te
1924 1049 2086 1102 lateat

178 1150 225 1192 75
250 1152 483 1186 mearum
514 1153 705 1199 rerum,
727 1154 877 1204 saepe
904 1154 997 1204 per
1025 1135 1116 1186 hos
1147 1154 1304 1186 annos
1334 1155 1362 1186 a
1391 1135 1629 1187 Romano
1652 1135 1907 1188 Pontifice
1926 1149 2087 1206 atque

249 1220 592 1289 Imperatore,
623 1221 752 1290 quin
782 1220 940 1272 etiam
970 1240 997 1272 a
1028 1221 1347 1272 Francorum
1377 1240 1495 1290 rege
1523 1220 1736 1291 aliisque
1763 1221 2086 1292 principibus

250 1305 417 1357 multa
468 1325 589 1358 cum
639 1306 887 1357 instantia
938 1325 995 1357 ac
1045 1325 1195 1375 saepe
1246 1324 1448 1375 magna,
1501 1307 1671 1358 nescio
1727 1307 1943 1377 quidem
1993 1327 2091 1361 cur.

252 1392 460 1462 quodve
507 1393 575 1444 ob
624 1393 891 1457 meritum,
938 1392 1028 1444 sed
1086 1393 1231 1462 quod
1287 1394 1445 1462 magis
1508 1412 1639 1459 reor,
1688 1395 1800 1446 fato
1855 1393 2086 1464 quodam

251 1493 511 1544 evocatus,
574 1498 738 1549 aeque
799 1479 1040 1531 omnibus
1101 1480 1351 1532 hactenus
1411 1479 1594 1532 surdus
1654 1499 1787 1533 sum.
1884 1481 2090 1534 Contra.

177 1583 230 1624 80
252 1565 542 1617 multorum
588 1566 727 1618 enim
771 1566 1087 1618 sententiam
1131 1566 1201 1617 sic
1247 1566 1522 1636 expediens
1567 1566 1792 1619 arbitror
1834 1566 2086 1620 libertati.

254 1650 356 1703 Sed
387 1653 539 1704 nimis
573 1666 626 1704 te
659 1652 886 1717 detineO,
914 1672 1085 1722 parce,
1113 1672 1222 1718 οπο,
1251 1667 1304 1705 et
1330 1653 1457 1706 vale.
1525 1653 1704 1707 Patavi
1731 1653 1797 1706 ad
1822 1672 2087 1724 vesperam

253 1738 577 1807 Epiphaniae
602 1738 659 1809 [6
684 1740 794 1791 Ian.
828 1738 994 1809 1372].

573 2008 910 2090 Pandulpho
939 2010 1314 2071 Malatestae.
1398 2012 1522 2072 Sen.
1555 2012 1676 2071 xiii.
1709 2015 1812 2071 8.“>

364 2168 742 2221 PISTOLAM
775 2184 939 2236 tuam,
970 2172 1049 2223 vir
1078 2169 1367 2234 clarissime,
1399 2168 1606 2239 plenam
1639 2183 1760 2222 tuae
1787 2169 1922 2222 illius
1953 2169 2088 2224 anti-

366 2275 518 2325 quae,
554 2256 758 2328 mundo'
794 2277 1007 2328 quoque
1038 2258 1143 2309 iam
1182 2256 1495 2321 notissimae,
1532 2257 1776 2322 caritatiS‚
1817 2270 1939 2308 ante
1982 2276 2090 2310 non

255 2341 447 2394 multos
483 2341 587 2394 dies
621 2362 955 2414 acceperam3
1011 2344 1246 2414 dumque
1278 2357 1332 2395 et
1365 2342 1471 2394 aliis
1505 2362 1567 2394 ex
1598 2343 1775 2408 causis,
1809 2356 1864 2395 et
1896 2357 1958 2396 ut
1991 2343 2097 2396 tibi·

256 2429 604 2497 opportunius
646 2430 1032 2500 responderem,
1074 2430 1282 2482 dimisso
1322 2449 1457 2494 rure,
1499 2428 1591 2481 ubi
1629 2428 1877 2481 libentius
1919 2429 2091 2482 multo

210 2536 234 2577 5
258 2533 415 2584 quam
432 2516 487 2567 in
504 2515 721 2570 urbibus
740 2516 940 2582 habite,
958 2517 1232 2569 Patavium
1249 2515 1528 2580 rediissem,
1547 2515 1752 2586 tibique
1769 2515 1913 2586 quod
1927 2515 2087 2586 placi-

259 2616 439 2653 turum
465 2615 634 2654 certus
661 2622 818 2669 eram,
847 2603 911 2655 de
936 2622 1050 2655 mea
1073 2603 1239 2656 salute
1264 2602 1432 2667 anxi0,
1457 2601 1679 2654 scribere
1705 2601 2001 2668 meditarer,
2027 2622 2091 2654 ex

258 2689 410 2756 longa
459 2706 542 2739 me
588 2688 783 2741 scilicet
831 2688 1158 2758 aegritudine
1205 2707 1369 2759 prope
1416 2689 1518 2741 iam
1565 2688 1774 2741 sanitati
1822 2686 2090 2740 redditum

261 2773 438 2840 (credo
463 2787 524 2826 ut
551 2789 800 2826 maestam
827 2776 1001 2844 potius
1027 2776 1303 2828 veritatem
1339 2793 1497 2845 quam
1527 2773 1726 2826 laetum
1759 2773 2090 2827 mendacium

260 2859 481 2927 audires)
545 2860 757 2913 caelitus
821 2861 1069 2913 effectum
1131 2875 1191 2913 ut
1251 2861 1346 2913 me
1383 2860 1559 2912 subito
1609 2880 1725 2914 v111.
1754 2859 1891 2913 Idus'
1923 2860 2090 2913 Maias

190 2966 237 2995 10
260 2945 521 2998 familiaris
567 2965 709 2998 meus
755 2947 1122 2999 violentissima
1166 2947 1322 2999 febris
1367 2947 1633 3016 arriperet.
1715 2946 2091 2999 Convenerunt

261 3032 468 3097 medici,
497 3046 550 3084 et
577 3052 705 3103 quos
736 3034 934 3085 domini
959 3034 1119 3085 iussus
1147 3033 1383 3103 urgebat,
1412 3047 1464 3085 et
1492 3052 1620 3102 quos
1648 3046 1823 3085 nostra
1850 3032 2091 3085 trahebat

262 3119 506 3183 amicitia,
557 3133 609 3171 et
659 3118 835 3171 multis
885 3120 1306 3172 altercationibus
1354 3119 1475 3171 hinc
1524 3119 1646 3171 inde
1693 3119 1884 3172 habitis
1933 3119 2091 3195 (nosti

263 3204 483 3272 morem)
516 3203 838 3256 diffinierunt
867 3224 950 3257 me
978 3220 1133 3259 nocte
1161 3205 1331 3258 media
1358 3206 1695 3279 moriturum,
1754 3205 1823 3258 Et
1849 3218 1960 3258 erat
1986 3206 2090 3258 iam
