2242 3600
314 191 722 245 IOHANNI
780 190 1285 245 COLVMNAE
1342 189 1853 243 CARDINALI
1957 208 2017 260 3⁷1

158 335 339 374 tamen
367 319 528 371 fidem
561 319 898 375 transcendet
927 319 1113 371 oratio.
1182 319 1313 378 Quis
1344 318 1532 384 imber,
1564 319 1658 389 qui
1687 320 1853 385 venti,
1885 340 2022 391 quae

156 407 398 472 fulmina,
427 408 546 477 quis
574 406 706 458 coeli
733 408 925 475 fragor,
956 406 1072 475 quis
1103 419 1362 457 terrarum
1392 420 1610 471 tremor,
1639 406 1757 476 quis
1785 409 2020 476 mugitus

157 494 345 565 pelagi,
394 495 510 564 quis
558 493 837 545 hominum
886 492 1153 544 ululatus!
1238 493 1379 545 Cum
1427 493 1485 545 in
1530 493 1632 544 hoc
1679 506 1823 544 statu
1872 496 2019 565 quasi
2045 510 2093 552 55

156 581 368 650 magicis
416 580 734 632 carminibus
779 581 1050 649 geminato
1097 581 1267 631 noctis
1313 581 1485 650 spatio
1531 579 1597 631 ad
1644 599 1885 632 auroram
1933 583 2020 634 vix

157 667 374 721 tandem
416 669 748 732 venissemus,
791 682 846 719 et
887 666 991 718 diei
1032 667 1271 719 vicinitas
1310 668 1471 736 magis
1513 667 1818 729 coniectura
1859 669 2020 720 animi

156 774 317 825 quam
343 755 471 807 lucis
497 754 695 806 indicio
720 745 1015 824 appareret,
1043 755 1223 805 amicti
1263 753 1555 806 sacerdotes
1589 773 1730 806 sacra
1768 755 2018 807 altaribus

155 844 469 906 instaurant,
498 856 553 893 et
577 841 907 915 gogcoelum
936 840 1175 892 nondum
1203 842 1400 893 intueri
1428 842 1553 906 ausi,
1581 842 1638 892 in
1664 840 1770 892 uda
1795 856 1850 893 et
1876 843 2018 895 nuda

155 931 356 982 circum
385 929 573 980 tellure
599 930 1018 1006 prosternimQ
2043 938 2095 977 60

224 1016 480 1068 Ceterum
527 1034 650 1068 cum
693 1017 797 1067 iam
837 1015 981 1068 haud
1020 1015 1199 1080 dubia,
1239 1015 1363 1067 licet
1404 1017 1552 1068 nocti
1589 1015 1869 1082 simillima,
1911 1017 2018 1070 dies

156 1117 304 1168 esset,
333 1117 387 1154 et
414 1104 584 1155 omnis
612 1117 831 1173 repente
858 1103 1055 1154 clamor
1080 1102 1359 1154 hominum
1386 1103 1653 1172 superiore
1690 1102 1832 1155 urbis
1867 1119 2020 1174 parte

154 1190 394 1255 siluisset,
433 1190 524 1242 sed
564 1190 630 1241 de
666 1190 853 1242 litorea
891 1190 1104 1258 regione
1142 1190 1305 1258 magis
1342 1190 1613 1260 magisque
1650 1189 2017 1257 crebresceret,

155 1296 330 1347 neque
362 1277 729 1347 percontando
763 1277 895 1347 quid
930 1277 1004 1328 rei
1039 1291 1170 1328 esset
1205 1291 1499 1346 appareret,
1537 1276 1919 1348 desperatione,
1956 1293 2018 1331 ut

154 1365 236 1430 fit,
271 1366 328 1416 in
364 1364 634 1416 audaciam
670 1384 831 1429 versa,
855 1363 1389 1435 &ascend-imus
1414 1378 1469 1416 et
1504 1364 1571 1415 ad
1606 1379 1824 1434 portum
1860 1367 2019 1418 visuri
2044 1383 2091 1434 65

124 1453 509 1531 ‚moriturique
553 1451 934 1504 descendimus.
1040 1452 1133 1502 Dii
1179 1450 1323 1515 boni,
1370 1451 1586 1521 quando
1630 1470 1867 1522 unquam
1914 1454 2020 1506 tale

0 1533 1 1583 Ῠ
72 1584 77 1589 .
155 1539 356 1610 aliquid
403 1539 648 1591 auditum
697 1542 809 1592 est!
894 1539 1171 1609 Decrepiti
1219 1553 1413 1590 nautae
1460 1557 1571 1590 rem
1618 1540 1730 1591 sine
1776 1541 2019 1610 exemplo

155 1641 406 1679 asserunt.
463 1627 575 1678 In
561 1646 675 1696 1pso
706 1641 890 1696 portus
923 1625 1100 1678 medio
1131 1625 1350 1677 foedum
1390 1645 1448 1677 ac
1481 1627 1634 1678 triste
1665 1629 2016 1697 naufragium,

153 1733 351 1784 sparsos
384 1732 612 1783 aequore
644 1714 873 1778 miseros,
908 1727 963 1765 et
995 1714 1221 1765 vicinam
1258 1727 1451 1765 terram
1484 1712 1727 1766 manibus
1760 1715 2020 1784 prendere

153 1801 430 1852 molientes
473 1800 616 1852 unda
658 1802 785 1852 saxis
829 1802 1139 1869 impegerat,
1183 1814 1238 1851 et
1282 1819 1379 1852 ceu
1423 1800 1652 1852 totidem
1697 1815 1878 1854 tenera
1920 1822 2018 1855 ova
2042 1819 2090 1858 70

154 1887 462 1952 disiecerat3
544 1901 723 1939 totum
782 1888 913 1938 elisis
973 1901 1026 1938 et
1085 1886 1258 1938 adhuc
1316 1887 1700 1957 palpitantibus
1759 1892 2016 1944 refertum

142 1974 491 2051 *cadaveribus
514 1975 638 2027 litus
663 1990 791 2027 erat.
851 1975 995 2026 Huic
1018 1974 1310 2039 cerebrum,
1335 1975 1410 2026 illi
1433 1976 1736 2045 praecordia
1757 1977 2014 2031 fluebant.

154 2062 301 2134 Haec
358 2062 515 2127 inter,
577 2076 755 2113 tantus
815 2062 1049 2114 virorum
1106 2062 1358 2131 strepitus
1417 2076 1676 2132 tantaque
1731 2065 2015 2118 mulierum

155 2149 390 2214 eiulatio,
437 2163 499 2200 ut
544 2150 700 2201 maris
745 2149 985 2218 coelique
1028 2151 1289 2219 fragorem
1334 2150 1624 2202 vincerent.
1712 2151 2016 2206 Accedebat

156 2235 365 2288 aedium
423 2237 590 2301 ruina,
649 2255 875 2306 quarum
935 2235 1126 2287 multas
1184 2235 1426 2288 funditus
1484 2237 1767 2290 violentior
1807 2239 2015 2311 ⁴fluctus
2041 2261 2086 2302 75

156 2324 364 2388 evertit,
408 2325 493 2375 cui
537 2324 709 2375 nullus
753 2323 839 2374 die
880 2323 971 2374 illo
1011 2323 1176 2388 limes,
1221 2324 1363 2375 nulla
1404 2324 1487 2377 vel
1528 2324 1791 2378 humanae
1831 2345 2015 2380 manus

124 2411 446 2463 ·reverentia
502 2411 585 2463 vel
642 2425 895 2474 naturae3
974 2424 1201 2462 statutos
1258 2411 1385 2462 fines
1442 2426 1496 2463 et
1553 2412 1709 2464 litora
1765 2429 2013 2468 consueta

155 2498 565 2550 transcenderat.
653 2499 722 2550 Et
774 2513 882 2549 tam
933 2497 1095 2548 moles
1143 2497 1231 2550 illa
1274 2499 1457 2567 ingens
1506 2499 1685 2551 studio
1733 2500 2012 2554 hominum

156 2599 380 2654 aggesta,
403 2604 539 2655 quae
567 2586 580 2610 ‘
598 2585 813 2637 obiectu
842 2585 1067 2636 laterum
1090 2587 1119 2649 ',
1149 2600 1210 2636 ut
1232 2586 1306 2637 ait
1334 2586 1509 2651 Maro,
1534 2588 1548 2611 ‘
1566 2602 1785 2656 portum
1814 2588 2014 2655 efficit,'

154 2691 314 2742 quam
359 2674 529 2724 omnis
561 2674 731 2725 vicina
776 2674 906 2723 mari
946 2673 1088 2740 regio
1129 2671 1281 2724 undis
1321 2672 1530 2739 obruta,
1571 2689 1624 2726 et
1665 2674 1756 2726 ubi
1795 2676 2011 2745 planum
2035 2690 2086 2728 80

153 2760 297 2811 siccis
331 2759 552 2829 pedibus
586 2761 690 2812 iter
726 2763 915 2824 fuerat,
949 2759 1238 2828 periculosa
1271 2761 1536 2829 navigatio
1570 2764 1710 2813 facta
1752 2777 1879 2815 erat.
1911 2805 1924 2816 .
1954 2806 1966 2816 .
1998 2807 2011 2816 .

102 2869 131 2908 μ
153 2845 259 2916 [He
291 2846 532 2899 describes
567 2848 647 2899 the
681 2861 992 2917 appearance
1026 2847 1084 2915 of
1111 2847 1190 2898 the
1223 2867 1323 2912 sea,
1359 2848 1463 2899 and
1497 2849 1577 2900 the
1603 2863 1816 2919 passage
1850 2852 1907 2920 of
1934 2852 2014 2904 the

120 2931 143 2951 ‘⁸
158 2933 329 3002 Queen
359 2933 562 3002 through
594 2934 674 2985 the
702 2933 903 3005 crowd]

222 3019 355 3071 Tres
393 3019 797 3072 Massiliensium
836 3021 1013 3089 longas
1053 3040 1223 3086 naveS,
1257 3041 1384 3092 quas
1422 3023 1588 3091 galeas
1627 3037 1838 3088 vocant,
1877 3043 2013 3094 quae

153 3106 335 3176 Cypro
380 3106 611 3171 reduces,
658 3122 713 3158 et
759 3121 843 3159 tot
888 3108 1050 3158 maria
1095 3125 1332 3160 emensae
1376 3128 1531 3161 mane
1575 3111 1913 3178 navigaturae
1956 3111 2012 3162 in
2034 3128 2084 3178 85

154 3193 392 3245 anchoris
420 3193 649 3258 stabant,
677 3194 1112 3246 illacrimantibus
1139 3196 1406 3260 universis,
1428 3197 1640 3248 nemine
1669 3211 1847 3248 autem
1876 3199 2014 3249 ferre

155 3279 409 3331 auxilium
444 3280 670 3346 valente,
707 3280 957 3332 fluctibus
995 3282 1178 3349 mergi,
1216 3296 1499 3334 nautarum
1537 3297 1700 3353 atque
1735 3298 2010 3336 vectorum
