2242 3600
676 199 1066 253 GVIDONI
1123 198 1515 252 SEPTIMO
1924 215 2015 269 173

170 330 283 381 Nec
319 327 670 380 iniucundum
706 342 858 398 put0‚
897 346 991 379 nec
1027 325 1217 378 inutile
1252 327 1413 379 fuerit
1450 326 1838 396 aliquantulum
1875 346 2015 379 nunc

170 416 329 467 etiam
362 415 633 485 praeteriti
667 417 916 486 temporis
945 413 1273 478 meminisse3
1328 433 1488 484 quam
1519 413 1815 482 longissime
1853 415 2014 484 igitur
2041 433 2086 460 10

167 516 334 572 potes,
373 515 516 554 retro
553 520 761 553 mecum
798 515 944 554 verte
981 499 1173 552 oculos.
1248 500 1316 551 Et
1355 501 1580 570 primam
1616 499 1834 570 quidem
1872 500 2013 553 illam

161 589 305 642 ⁴vitae
326 602 549 658 partem,
573 606 732 657 quam
756 601 816 639 tu
840 587 984 639 domi
1007 600 1146 650 tuae,
1170 605 1266 654 ego
1287 587 1342 638 in
1365 586 1519 638 exilio
1541 605 1660 638 meo
1682 587 1761 655 egi
1785 607 1797 650 3
1843 605 2014 657 neque

164 695 289 729 vero
325 694 511 745 magna
546 675 669 726 hinc
706 674 874 726 elicias
911 686 1236 743 argumenta,
1274 672 1366 725 ubi
1404 687 1513 725 tam
1550 673 1797 742 exiguum
1832 672 2014 727 lumen

164 763 232 815 sit
281 762 494 815 rationis
543 761 825 830 animique.
911 760 977 812 In
1023 760 1136 830 ipso
1182 778 1303 811 sane
1350 759 1603 812 infantiae
1650 759 2014 830 pueritiaeque

164 848 394 900 confinio
444 848 583 899 forte
631 846 687 898 in
736 844 965 898 Galliam
1008 843 1408 915 Transalpinam
1460 863 1575 897 eam
1614 844 1830 910 scilicet,
1877 848 2014 915 quae
2036 872 2082 915 15

163 935 431 1006 provincia
471 933 774 986 Provinciae
809 951 949 984 nunc
986 931 1196 997 dicitur,
1233 930 1360 983 olim
1394 930 1707 983 Arelatensis
1743 932 2013 1002 provincia

165 1020 457 1085 dicebatur,
488 1039 596 1072 uno
625 1038 791 1090 prope
821 1032 1062 1089 tempore
1091 1018 1372 1071 transvecti
1402 1018 1576 1083 amb0,
1607 1018 2009 1089 confestimque,

162 1105 372 1177 qualem
416 1119 552 1158 aetas
595 1104 682 1157 illa
724 1105 944 1175 patitur,
990 1104 1219 1156 amicitia
1260 1104 1447 1169 iuncti,
1492 1091 1656 1174 usque
1699 1103 1765 1156 ad
1809 1105 2010 1157 exitum

164 1194 432 1257 duratura,
460 1210 627 1244 unum
653 1192 793 1245 vitae
822 1191 923 1243 iter
950 1190 1260 1261 arripuimus
1289 1230 1302 1243 .
1332 1231 1344 1243 .
1375 1231 1387 1242 .
1442 1188 1547 1260 [He
1575 1190 1728 1260 refers
1757 1190 1933 1261 briefly
1965 1203 2010 1243 to

165 1280 352 1344 Genoa,
382 1278 593 1330 Guido’s
616 1278 789 1330 native
816 1278 960 1349 city]
2033 1309 2081 1338 20

229 1366 383 1419 Meta
435 1363 645 1435 puerilis
699 1377 905 1416 nostrae
956 1362 1386 1434 peregrinationis
1441 1361 1528 1414 illa
1580 1362 1702 1427 fuit,
1757 1381 1892 1432 quae
1944 1362 2008 1416 ab

162 1452 389 1523 antiquis
417 1451 674 1516 Avenni0‚
703 1470 732 1502 a
759 1449 1021 1502 modernis
1048 1449 1240 1502 Avinio
1269 1448 1410 1501 dicta
1437 1462 1531 1501 est.
1596 1448 1731 1501 Inde
1756 1450 2008 1519 quoniam

161 1540 401 1592 Romano
439 1537 683 1590 Pontifici
724 1550 777 1589 et
817 1535 1073 1588 Ecclesiae
1111 1554 1288 1588 secum
1327 1535 1402 1587 ibi
1444 1549 1571 1588 tunc
1613 1536 1819 1589 noviter
1858 1556 2006 1607 pere-

93 1666 98 1671 -
160 1626 407 1697 grinanti‚
434 1643 606 1695 neque
628 1623 684 1676 in
707 1641 854 1675 suam
877 1622 1054 1675 sedem
1079 1641 1244 1693 usque
1267 1635 1386 1692 post
1412 1640 1610 1674 annum
1633 1623 2007 1691 sexagesimum

160 1731 471 1777 reversurae,
498 1710 642 1763 locus
674 1723 921 1779 angustus
952 1723 1081 1775 erat,
1113 1709 1394 1762 domorum
1423 1727 1482 1760 ea
1513 1722 1828 1779 tempestate
1857 1710 2006 1781 inops
2030 1731 2078 1774 25

159 1797 556 1867 incolarumque
592 1796 815 1850 colluvie
852 1795 1137 1861 exundans,
1175 1794 1450 1847 consilium
1487 1809 1787 1848 nostrorum
1823 1814 2008 1862 sgnum

159 1886 263 1938 fuit
284 1898 346 1937 ut
368 1883 606 1936 mulieres
628 1901 750 1935 cum
772 1882 942 1953 pueris
966 1881 1032 1934 ad
1051 1881 1228 1934 locum
1250 1881 1551 1951 proximum
1570 1900 1624 1933 se
1647 1883 2005 1935 transferrent.

160 1973 226 2026 In
249 1991 353 2043 qua
379 1971 835 2040 transmigratione
859 1983 914 2022 et
940 1989 1030 2022 nos
1056 1969 1164 2022 duo
1188 1969 1292 2021 iam
1318 1970 1486 2040 pueri,
1513 1969 1740 2022 necdum
1765 1969 2005 2040 pubereS,

158 2078 281 2112 cum
303 2057 511 2128 reliquis
532 2056 705 2122 simul,
726 2056 817 2109 sed
839 2055 905 2108 ad
927 2055 1086 2122 aliud,
1109 2056 1209 2108 hoc
1233 2070 1309 2108 est
1332 2055 1398 2108 ad
1417 2055 1613 2109 scholas
1635 2056 2007 2125 grammaticae

159 2146 297 2198 missi
325 2145 537 2210 fuimuS,
568 2144 916 2215 Carpentoras
944 2142 1062 2194 loco
1091 2162 1303 2208 nomen,
1333 2142 1454 2195 urbs
1483 2162 1642 2213 parva
1669 2142 1886 2213 quidem
1914 2142 2006 2195 sed
2026 2170 2078 2210 30

159 2231 457 2304 provinciae
487 2250 675 2301 parvae
704 2243 882 2301 caput.
947 2228 1120 2282 Tenes
1151 2229 1403 2281 memoria
1435 2243 1643 2300 tempus
1673 2228 1805 2282 illud
1835 2229 2003 2300 quad-

158 2319 362 2373 riennii.
399 2359 412 2372 .
449 2359 462 2371 .
499 2358 512 2370 .
582 2316 687 2388 [He
724 2316 900 2369 recalls
937 2316 1066 2369 their
1084 2315 1315 2387 peaceful
1343 2315 1434 2387 lzjfe
1465 2328 1521 2368 at
1553 2315 1876 2386 Carpentras,
1905 2316 2007 2368 and
2038 2311 2041 2314 ’

158 2416 396 2457 contrasts
415 2405 437 2458 i
441 2417 483 2457 ts
495 2416 695 2475 present
715 2403 930 2457 insecuri
934 2415 985 2473 ty
1007 2402 1206 2455 because
1227 2403 1284 2474 of
1299 2402 1378 2455 the
1399 2402 1554 2454 hands
1573 2402 1630 2474 of
1642 2402 2005 2473 mercenariam]

226 2490 360 2544 Inde
392 2491 554 2560 igitur
585 2490 740 2543 simul
772 2508 986 2560 quoque
1021 2491 1163 2558 (nam
1197 2488 1328 2559 quid
1362 2488 1566 2542 divisim
1601 2507 1786 2558 magna
1820 2490 2003 2542 aetatis

159 2591 308 2648 parte
351 2579 594 2646 gessimus
624 2578 685 2644 ?),
730 2576 900 2630 vicina
943 2576 1047 2628 iam
1092 2575 1374 2646 pubertate
1418 2575 1484 2628 ad
1527 2575 1779 2628 Montem
1823 2576 2001 2629 Pessu-
2024 2596 2074 2638 35

157 2666 354 2729 lanum,
396 2663 822 2716 florentissimum
875 2676 1003 2715 tunc
1055 2661 1332 2732 oppidum,
1375 2662 1606 2732 iurisque
1658 2662 1724 2714 ad
1763 2662 2001 2715 studium

160 2750 320 2803 delati
355 2749 496 2802 aliud
529 2750 603 2801 ibi
637 2749 1042 2820 quadriennium
1076 2749 1374 2817 exegimus;
1429 2748 1574 2802 cuius
1610 2763 1738 2802 tunc
1772 2763 2006 2819 potestas>

159 2854 315 2907 penes
363 2836 568 2888 maioris
617 2835 905 2887 Balearicae
952 2853 1126 2903 regem
1174 2848 1302 2900 erat,
1351 2835 1598 2904 exiguum
1646 2850 1853 2906 praeter
1899 2835 2000 2888 loci
2036 2868 2055 2883 -f

158 2921 408 2992 angulum
449 2921 768 2974 Francorum
809 2922 915 2990 regi
953 2920 1245 2986 subditum,
1286 2922 1396 2992 qui,
1436 2935 1498 2975 ut
1536 2941 1740 2992 semper
1779 2942 1998 2993 praepo-

160 3008 390 3061 tentium
423 3008 730 3078 importuna
762 3007 950 3060 vicinia
984 3020 1078 3071 est,
1106 3006 1250 3061 brevi
1285 3007 1446 3060 totius
1483 3008 1666 3078 oppidi
1702 3008 1997 3061 dominium
2020 3033 2071 3072 40

158 3095 225 3148 ad
261 3114 315 3147 se
355 3094 530 3147 traxit.
618 3093 889 3154 Quaenam
934 3112 1057 3146 vero
1098 3106 1225 3146 tunc
1263 3094 1337 3146 ibi
1377 3112 1590 3165 quoque
1631 3094 1997 3165 tranquillitas,

160 3201 293 3255 quae
324 3201 442 3252 pax,
477 3199 610 3254 quae
646 3179 859 3233 divitiae
891 3193 1261 3246 mercatorum,
1296 3200 1431 3252 quae
1469 3181 1780 3236 scholarium
1822 3181 1995 3247 turba,

160 3288 293 3343 quae
337 3268 486 3338 copia
532 3268 917 3336 magistrorum,
956 3280 1152 3339 quanta
1202 3266 1275 3318 ibi
1328 3287 1466 3319 nunc
1517 3268 1706 3319 horum
1758 3269 1997 3322 omnium
