2242 3600
280 200 375 255 134
769 185 1060 239 PVLICI
1116 186 1621 241 VICENTINO

273 312 376 364 iam
407 313 472 365 ad
500 333 738 366 occasum
766 315 886 368 sole.
953 316 1104 370 Ibine
1135 317 1295 387 igitur
1326 319 1746 388 pernoctandum
1786 339 1852 372 an
1889 319 2106 372 ulterius

229 418 251 458 5
275 400 666 469 procedendum
711 402 876 471 (quod
918 417 971 455 et
1013 404 1322 456 festinabam
1365 419 1426 462 et¹
1458 405 1783 475 longissimae
1822 406 1950 459 lucis
1990 424 2106 476 pars

276 485 412 538 bona
447 487 733 557 supererat)
776 487 1151 542 deliberaturus
1189 491 1501 556 haerebam3
1563 492 1690 544 dum
1728 511 1847 544 ecce
1885 492 2019 562 (quis
2055 510 2110 544 se

275 571 408 623 celet
445 572 738 625 amantibus
768 574 808 641 ?)
849 588 986 640 tuuS,
1024 589 1077 628 et
1113 595 1422 646 magnorum
1459 577 1660 647 aliquot
1694 577 1943 642 virorum,
1979 594 2110 646 quos

276 658 484 709 abunde
510 678 667 728 parva
693 659 781 711 illa
808 661 986 713 civitas
1016 661 1159 727 tulit,
1187 663 1504 732 gratissimus
1531 663 1857 716 interventus
1886 661 2108 716 dubium

274 762 430 795 omne
464 744 703 798 dimovit.
774 746 858 817 Ita
891 748 1030 799 enim
1062 747 1410 802 fluctuantem
1445 750 1678 802 animum
1711 748 1951 818 alligastis
1982 747 2111 801 varii

206 850 252 879 ιο
274 844 327 881 et
360 830 576 882 iucundi
610 833 737 884 fune
768 834 1033 899 sermoniS,
1068 848 1128 886 ut
1161 836 1236 887 ire
1269 836 1498 905 cogitans
1531 849 1709 900 staret,
1745 848 1799 887 et
1832 853 1939 886 non
1971 833 2112 904 prius

271 916 375 967 labi
418 916 556 968 diem
597 936 755 987 quam
796 933 1006 972 noctem
1047 920 1218 972 adesse
1257 922 1621 992 perpenderet.
1698 922 1767 973 Et
1805 920 1895 972 illo
1936 919 2020 972 die
2058 933 2113 974 et

245 1039 247 1041 -
272 1021 422 1072 saepe
469 1003 587 1055 alias
636 1019 877 1074 expertus
925 1025 1058 1072 sum,
1108 1007 1249 1059 nulla
1297 1026 1351 1059 re
1398 1007 1494 1059 alia
1542 1007 1700 1076 magis
1750 1020 1956 1076 tempus
2005 1025 2112 1058 non

273 1090 618 1142 sentientibus
664 1091 794 1161 eripi
839 1111 998 1162 quam
1043 1093 1312 1163 colloquiis
1359 1093 1662 1145 amicorum.
1742 1092 2111 1162 Magniufures

238 1239 245 1242 α
274 1177 523 1246 temporis
546 1190 668 1229 sunt
692 1178 862 1243 amici,
886 1179 982 1231 etsi
1005 1179 1209 1232 nullum
1233 1193 1439 1249 tempus
1463 1180 1633 1231 minus
1657 1191 1917 1248 ereptum,
1940 1177 2111 1230 minus

207 1282 247 1323 ¹5
271 1262 541 1331 perditum
581 1263 746 1315 videri
788 1263 994 1330 debeat,
1036 1284 1194 1335 quarn
1235 1265 1379 1335 quod
1420 1279 1539 1335 post
1579 1265 1756 1317 Deum
1797 1264 1970 1316 amicis
2010 1263 2110 1315 im·-

271 1347 539 1417 penditur.
602 1348 715 1402 Illic
749 1369 888 1419 ergo,
915 1370 981 1402 ne
1005 1351 1212 1403 infinita
1237 1370 1545 1416 recenseam,
1572 1350 1855 1402 meministi
1880 1363 1942 1401 ut
1973 1350 2111 1402 forte

272 1433 536 1497 Ciceronis
588 1435 789 1487 mentio
838 1436 985 1488 nobis
1035 1437 1221 1489 oborta
1270 1450 1365 1503 est,
1415 1456 1548 1508 quae
1596 1435 1774 1489 crebra
1824 1433 2111 1487 admodum

275 1520 439 1573 doctis
466 1521 765 1574 hominibus
794 1542 897 1575 esse
921 1523 1069 1576 solet.
1133 1523 1229 1576 Ille
1256 1523 1470 1576 tandem
1496 1524 1638 1577 vario
1663 1521 1926 1592 colloquio
1951 1521 2111 1574 finem
2179 1584 2181 1587 .

271 1608 398 1659 fecit
421 1628 434 1672 3
474 1607 530 1659 in
549 1627 715 1660 unum
735 1610 865 1661 versi
886 1628 1062 1662 omnes
1086 1630 1099 1674 ;
1142 1610 1272 1662 nihil
1290 1610 1413 1662 inde
1433 1609 1575 1662 aliud
1593 1627 1752 1679 quam
1772 1607 1838 1660 de
1857 1607 2113 1660 Cicerone

202 1717 249 1744 20
275 1707 560 1746 tractatum
590 1708 682 1747 est.
748 1695 1056 1765 Symbolum
1085 1696 1422 1762 confecimuS,
1451 1710 1505 1748 et
1530 1693 1852 1766 palinodiam
1878 1693 1995 1759 sibi,
2022 1712 2112 1746 seu

272 1782 642 1852 panegyricum
671 1781 773 1834 dici
800 1781 989 1852 placet,
1018 1782 1323 1835 alternando
1350 1782 1646 1835 cecinimus

344 1867 446 1920 Sed
465 1868 713 1938 quoniam
732 1869 787 1920 in
807 1868 957 1921 rebus
978 1869 1280 1922 mortalium
1301 1869 1431 1921 nihil
1449 1882 1655 1922 constat
1675 1883 1779 1921 esse
1797 1856 2112 1939 perfectum,

277 1953 552 2025 nullusque
583 1955 861 2007 hominum
893 1969 969 2008 est
1000 1955 1056 2007 in
1081 1975 1187 2026 quo
1213 1975 1319 2008 non
1345 1955 1560 2026 aliquid,
1587 1954 1732 2026 quod
1757 1954 1947 2006 merito
1971 1953 2114 2024 carpi

277 2055 453 2111 queat,
486 2040 749 2094 modestus
780 2042 939 2094 etiam
970 2043 1308 2112 reprehensor
1337 2042 1586 2107 inveniat,
1618 2041 1860 2111 contigit,
1891 2053 1953 2093 ut
1985 2039 2113 2092 dum

207 2142 253 2183 25
277 2128 331 2178 in
363 2127 633 2193 Cicerone,
666 2127 811 2181 velut
842 2128 896 2180 in
927 2128 1140 2181 homine
1171 2120 1300 2180 mihi
1331 2147 1485 2198 super
1515 2146 1693 2180 omnes
1724 2125 2032 2179 amicissimo
2060 2138 2117 2178 et

278 2214 655 2280 colendissimO,
698 2234 862 2285 prope
904 2216 1078 2267 omnia
1121 2215 1404 2311 placerent,
1449 2214 1708 2284 dumque
1724 2231 1932 2266 auream
1972 2210 2116 2264 illam

247 2300 634 2370 eloquentiam
659 2315 712 2354 et
735 2301 990 2355 caeleste
976 2302 1246 2370 lngenium
1270 2300 1568 2366 admirarer,
1593 2317 1801 2351 morum
1823 2298 2127 2371 levissaffl

280 2387 564 2457 multisque
586 2387 716 2438 mihi
744 2387 1118 2457 deprehensam
1145 2387 1347 2439 indiciis
1375 2386 1781 2439 inconstantiam
1803 2404 1910 2437 non
1934 2379 2114 2436 lauda-

280 2492 406 2525 rem.
470 2473 572 2526 Vbi
598 2492 720 2526 cum
747 2492 924 2526 omnes
952 2474 1042 2543 qui
1070 2473 1303 2538 aderant,
1330 2472 1420 2525 sed
1451 2486 1573 2524 ante
1599 2471 1720 2523 alios
1746 2489 1922 2523 senem
1947 2468 2116 2534 illum,

209 2579 259 2616 30
281 2561 423 2612 cuius
466 2559 596 2612 mihi
637 2579 829 2612 nornen
870 2559 1082 2624 excidit,
1125 2579 1231 2612 non
1270 2560 1459 2628 imago,
1501 2571 1902 2610 conterraneum
1943 2568 2116 2619 tuum,

287 2643 428 2694 annis
471 2642 759 2695 verendum
800 2642 1110 2712 litterisque,
1155 2642 1408 2694 attonitos
1450 2639 1682 2693 viderem
1725 2638 1961 2712 novitate
2000 2655 2115 2689 sen·-

282 2729 496 2794 tentiae,
530 2748 605 2781 res
639 2748 848 2799 poscere
880 2729 985 2782 visa
1018 2742 1094 2781 est
1127 2742 1189 2781 ut
1221 2727 1386 2780 codex
1418 2719 1755 2797 epistolarum
1788 2741 2030 2789 mearum·
2055 2741 2119 2775 ex

283 2815 454 2868 arcula
503 2829 850 2885 promeretur.
936 2814 1171 2867 Prolatus
1222 2815 1278 2866 in
1329 2812 1563 2865 medium
1615 2809 1820 2863 addidit
1871 2809 2116 2862 alimenta

282 2902 640 2966 sermonibus;
697 2902 836 2961 inter
870 2901 1058 2954 multas
1096 2901 1235 2953 enirn
1272 2899 1337 2952 ad
1372 2913 1673 2952 coaetaneos
1710 2915 1850 2949 meos
1884 2895 2117 2966 scriptaS,

214 3012 259 3053 35
284 3008 478 3060 paucae
530 2988 621 3053 ibi,
675 2988 936 3040 varietatis
989 2987 1166 3040 studio
1219 3000 1272 3039 et
1325 3004 1544 3039 amoeno
1596 2982 1826 3055 quodam
1877 2981 2118 3034 laborum

286 3075 614 3139 diverticulo,
648 3074 873 3145 antiquis
904 3073 1268 3125 illustrioribus
1299 3071 1672 3136 inscribuntur,
1705 3088 1838 3141 quae
1865 3068 2117 3121 lectorem

286 3181 392 3214 non
420 3150 850 3257 praemonitum
837 3179 891 3210 1n
919 3150 1189 3230 stuporem
1219 3158 1432 3223 ducant,
1464 3157 1591 3209 dum
1622 3151 1731 3209 tam
1760 3155 1895 3207 clara
1922 3167 1977 3206 et
2006 3166 2116 3206 tam

284 3262 490 3302 vetusta
526 3247 737 3300 nomina
772 3247 914 3299 novis
951 3247 1209 3317 permixta
1244 3245 1572 3315 compererit.
1644 3242 1849 3295 Harum
1884 3240 2018 3294 duae
2052 3239 2118 3293 ad
