2242 3600
294 158 385 222 178
793 150 1182 203 GVIDONI
1239 151 1629 204 SEPTIMo

286 281 390 333 huc
413 281 645 350 primum
669 298 697 329 e
720 279 955 330 Bononia
978 277 1269 330 adolescens
1292 280 1411 330 veni
1432 298 1446 342 ;
1492 291 1544 329 et
1567 278 1667 329 hoc
1691 296 1904 349 quoque
1923 281 1995 332 sic
2018 299 2123 333 esse

194 380 265 430 185
287 386 394 419 non
412 379 656 434 negantes
675 364 807 415 cives
828 364 1020 440 audias,
1039 365 1152 428 etsi,
1172 363 1317 433 quod
1336 382 1428 415 nec
1446 363 1555 432 ipse
1573 365 1884 432 negaverim,
1904 365 2120 437 aliquid,

286 454 450 504 immo
471 469 630 521 quam
650 449 956 519 plurimum,
975 449 1219 503 aedificiis
1241 450 1504 502 accesserit
1528 490 1540 501 .
1565 490 1579 504 .
1603 490 1614 502 .
1682 449 1771 519 [In
1797 451 1956 520 sofar
1981 470 2039 504 as
2065 452 2124 504 he

287 541 332 591 is
357 537 654 607 acquainted
678 536 799 589 with
827 536 1007 603 affairs
1032 538 1087 589 in
1115 537 1193 588 the
1217 536 1358 601 East,
1386 536 1445 587 he
1470 555 1568 587 sees
1595 536 1674 588 the
1698 555 1829 589 same
1853 537 2124 592 deteriora-
2153 589 2159 595 .

290 626 407 677 tion.
474 623 578 674 The
601 622 753 674 whole
775 622 928 674 world
953 622 997 674 is
1004 622 1115 693 full
1138 622 1196 691 ⁰f
1211 620 1379 691 zoam]

342 710 488 783 *Rara
519 707 653 760 bella
682 710 821 761 inter
849 727 1005 776 regna
1033 708 1116 761 vel
1144 707 1366 778 populos
1396 707 1460 759 de
1490 708 1678 761 finibus
1710 722 1801 761 aut
1832 708 1898 761 de
1926 711 2126 764 iniuriis

191 819 265 860 190
284 796 602 866 gerebantur
624 792 659 858 ;4
711 795 925 847 societas
980 808 1163 846 contra
1217 812 1373 846 omne
1425 813 1585 863 genus
1638 795 1931 848 humanum
1973 795 2128 850 ,nulla

286 900 505 952 usquam
530 895 709 934 nostro
732 899 857 933 aevo
878 882 1067 932 fuerat.
1127 880 1290 932 Erant
1313 882 1582 933 societates
1607 894 1975 947 mercatorum,
1999 900 2126 952 quas

284 971 381 1039 ipsi
415 968 657 1033 vidimus,
694 967 883 1037 quibus
919 980 1041 1018 ante
1075 985 1252 1018 omnes
1287 969 1455 1036 patria
1491 967 1580 1019 diu
1615 966 1794 1019 floruit
1829 986 1979 1031 mea3
2034 987 2128 1038 per

284 1074 428 1125 quaS,
475 1068 704 1124 quantae
748 1052 1151 1105 commoditates
1197 1052 1525 1116 afferrentur,
1572 1053 1871 1104 hominibus
1918 1052 2128 1106 difficile

284 1155 361 1193 est
392 1141 558 1206 dictu,
591 1139 848 1192 difficilius
889 1139 1111 1191 creditu,
1178 1139 1275 1190 Per
1313 1139 1400 1190 has
1441 1141 1582 1190 enim
1623 1152 1764 1190 totus
1805 1141 1914 1191 fere
1951 1154 2127 1193 noster

189 1248 260 1290 195
284 1227 422 1279 orbis
465 1228 779 1295 regebatur;
844 1245 984 1294 reges
1028 1245 1084 1277 ac
1127 1227 1385 1295 principes
1430 1226 1655 1278 universi
1697 1225 1887 1278 horum
1929 1245 2030 1297 ope
2071 1241 2126 1280 et

284 1313 498 1365 consilio
526 1313 650 1365 fulti
680 1326 844 1364 erant.
910 1312 1138 1364 Alterius
1167 1313 1365 1380 generis
1393 1313 1682 1376 societates,
1712 1313 2124 1382 peregrinorum,

285 1419 474 1469 magno
506 1400 713 1468 agmine
745 1399 934 1451 devota
963 1399 1093 1463 loca,
1123 1398 1538 1468 Hierosolymam
1566 1398 1911 1468 Romamque,
1938 1413 2123 1470 peten-

286 1488 422 1538 tium
443 1486 808 1538 cernebantur.
862 1485 1030 1558 &Fures
1053 1484 1201 1537 ibant
1222 1485 1524 1553 singulatim
1547 1499 1709 1537 noctu
1730 1485 1923 1554 pavidi,
1952 1486 2129 1540 nullae

284 1574 483 1625 furium
514 1572 731 1624 diurnae
761 1557 902 1623 acies*
921 1572 1114 1641 campis
1146 1571 1557 1640 explicabantur,
1590 1571 1719 1623 nulli
1748 1573 1934 1624 armati
1963 1574 2122 1627 socie-

185 1684 261 1712 200
285 1673 459 1711 tatum
508 1658 660 1710 duces
709 1659 903 1709 famam
949 1657 1046 1708 sibi
1092 1657 1333 1725 gentium
1380 1656 1610 1709 cladibus
1658 1658 1868 1727 propria
1914 1658 2124 1711 feritate

284 1747 628 1815 quaesierant.
701 1745 931 1804 Quintus
968 1757 1022 1795 et
1054 1744 1327 1812 vigesimus
1364 1763 1525 1796 annus
1563 1758 1638 1795 est
1675 1763 1737 1795 ex
1771 1763 1880 1813 quo
1914 1744 2123 1797 auribus

283 1833 516 1902 primum
537 1833 724 1883 nostris
747 1831 1078 1882 horrisonum
1101 1830 1200 1881 hoc
1225 1848 1419 1882 nomen
1439 1831 1676 1882 intonuit
1698 1850 1712 1894 3
1756 1829 1903 1899 quod
1925 1829 2124 1884 malum

284 1918 429 1970 brevi
463 1909 725 1988 quantum
759 1917 997 1981 creverit,
1034 1934 1349 1985 quorsumve
1382 1917 1702 1985 processerit,
1737 1915 1973 1968 videmus
1996 1928 2024 1980 ;v
2065 1936 2123 1969 ac

284 2005 455 2056 miseri
484 2005 617 2057 cives
648 2018 702 2055 et
733 2002 1000 2072 agricolae,
1031 2003 1205 2071 immo»
1225 2016 1279 2054 et
1308 2021 1447 2071 reges
1479 2015 1532 2054 et
1562 2002 1834 2071 pontifices
1864 2021 2029 2072 usque
2057 2002 2124 2056 ad

185 2117 258 2159 205
282 2109 549 2144 summum
589 2091 983 2159 maximumque
1022 2089 1261 2141 omnium
1301 2089 1501 2158 experti
1539 2102 1679 2153 sunt,
1720 2088 1829 2158 qui,
1870 2101 1930 2140 ut
1967 2107 2151 2159 supra,

282 2178 451 2246 attigi,
490 2177 555 2229 ad
592 2176 926 2241 Rhodanum,
965 2175 1108 2227 unde
1143 2195 1310 2245 nuper
1347 2175 1494 2239 abiit,
1529 2174 1886 2227 semiobsessus
1923 2174 1987 2227 ab
2023 2174 2122 2227 illis

282 2274 442 2330 atque
477 2260 543 2312 ad
580 2259 850 2328 indignam
890 2259 1309 2329 redemptionem
1347 2259 1549 2310 exstitit
1589 2272 1797 2310 coactus
1835 2298 1847 2310 .
1882 2299 1894 2310 .
1921 2299 1947 2318 ,.
2014 2257 2122 2328 [He

279 2347 495 2399 reminds
533 2346 697 2398 Guido
735 2346 792 2414 of
826 2345 904 2397 the
933 2346 1115 2415 plague
1140 2345 1278 2414 from
1318 2344 1477 2396 which
1514 2344 1657 2413 Italy
1693 2344 1783 2396 has
1822 2363 1969 2396 never
2004 2344 2120 2397 been

265 2434 382 2502 free
394 2433 484 2502 for
514 2445 693 2502 twenty
717 2431 906 2502 years]

183 2543 260 2571 210
349 2519 755 2570 Terraemotum
787 2536 970 2570 verum
1004 2531 1210 2569 nostrae
1242 2517 1424 2568 aetatis
1459 2515 1628 2568 nullus
1661 2530 1922 2581 senserat3
1976 2517 2117 2586 vige-

280 2606 437 2656 simus
487 2623 648 2656 annus
689 2618 766 2655 est
811 2624 952 2657 nunc
1001 2609 1190 2676 (unum
1235 2605 1377 2656 enim
1423 2603 1547 2654 mali
1598 2604 1876 2674 utriusque
1919 2604 2115 2673 princi-

281 2693 431 2760 pium
481 2692 606 2760 fuit)
650 2709 712 2741 ex
763 2709 869 2759 quo
919 2689 1075 2759 Alpes
1127 2702 1348 2753 nostrae,
1387 2706 1610 2758 quarum
1661 2702 1834 2740 motus
1883 2687 2116 2741 insolitos

281 2777 353 2829 ait
392 2777 565 2840 Mam,
607 2795 722 2829 vm.
769 2775 1027 2828 Kalendas
1070 2774 1370 2826 Februarias
1409 2788 1686 2839 tremuere,
1726 2773 1974 2826 inclinata
2010 2774 2115 2826 iam

280 2881 561 2933 parumper
609 2862 674 2913 ad
729 2880 969 2914 occasum
1018 2861 1118 2926 die,
1168 2859 1456 2929 Italiaeque
1497 2859 1653 2911 simul
1699 2878 1757 2911 ac
1801 2858 2116 2912 Germaniae

182 2972 253 3013 215
279 2968 393 3019 pars
442 2967 627 3017 magna
673 2948 995 3000 contremuit
1043 2961 1152 2999 tam
1199 2946 1553 3011 vehementer,
1602 2960 1664 2998 ut
1711 2945 1883 2997 adesse
1928 2945 2114 2998 mundi

279 3037 440 3088 finem
475 3035 734 3104 inexperti
772 3033 987 3104 quidam
1025 3032 1314 3097 crederent,
1353 3033 1542 3102 quibus
1579 3033 1782 3084 insueta
1816 3049 2022 3101 prorsus
2054 3045 2114 3084 ,et

280 3139 551 3191 nunquam
581 3121 810 3189 cogitata
840 3138 914 3171 res
947 3132 1073 3170 erat.
1139 3118 1376 3170 Veronae
1406 3118 1628 3185 tuncginv
1650 3116 2120 3179 bibliothecam

259 3210 411 3274 ‚solus
444 3207 640 3271 sedens,
677 3223 997 3276 quamquam
1034 3223 1140 3264 non
1174 3204 1229 3262 in
1265 3217 1441 3260 totum
1477 3204 1549 3259 rei
1586 3202 1800 3267 nesciuS,
1836 3201 2110 3272 repentina
