2242 3600
316 178 718 232 IOHANNI
777 177 1280 232 COLVMNAE
1337 175 1837 231 CARDINALI
1939 195 1999 248 25

151 306 467 361 viduitatem
516 307 786 359 miseratus
836 319 890 359 et
936 305 1231 359 solitudinis
1282 305 1479 371 aviduS,
1528 323 1689 376 quam
1739 304 2003 358 diuturnis

151 393 472 466 populorum
511 393 845 447 concursibus
878 411 1216 462 compensare
1242 392 1560 458 decreverat,
1589 391 1874 462 aliquando
1903 391 2003 444 sibi

150 481 249 552 ipsi
286 481 539 547 victurus,
570 481 663 552 qui
703 480 904 551 patriae
937 479 1137 532 vixerat
1178 493 1232 531 et
1273 479 1467 544 amiciS‚
1498 498 1671 531 rursus
1707 477 1773 531 ad
1802 477 2001 548 episco-
2025 493 2075 532 90

151 582 337 639 patum
365 586 518 621 suum
546 587 653 620 sese
680 566 926 632 contulit,
956 565 1049 618 ubi
1077 565 1246 617 multa
1273 585 1396 618 cum
1423 565 1700 618 honestate
1729 563 1919 634 degens
1948 578 2003 617 et

149 656 284 708 sicut
319 668 474 707 antea
507 668 823 719 ceterorum,
858 653 929 705 sic
965 666 1094 705 tunc
1128 652 1206 704 sui
1240 652 1400 722 ipsius
1432 652 1620 717 victor,
1656 651 1821 704 vitam
1855 670 2002 704 suam

150 742 269 794 Deo
323 755 378 794 et
432 741 735 793 hominibus
789 739 1159 810 exemplariter
1213 738 1622 791 commendavit.
1714 738 1872 790 Anno
1926 737 2001 790 ibi

150 826 366 882 tandem
404 829 491 882 vix
529 842 761 898 peract0,
801 827 1001 880 iuvenis
1041 825 1348 892 admodum,
1388 825 1453 878 ab
1492 826 1645 879 huius
1684 826 1825 878 vitae
1864 839 2000 878 tem-

149 915 439 987 pestatibus
473 914 539 967 ad
575 915 766 985 quietis
804 928 1022 985 portum
1061 928 1114 966 et
1153 913 1218 966 ad
1258 913 1490 966 feliciora
1526 933 1683 983 regna
1722 913 2000 966 translatus
2024 927 2071 969 95

149 1016 242 1056 est.

215 1088 547 1159 Recognosce
581 1108 791 1142 mecum
825 1089 1043 1158 singula,
1079 1102 1230 1159 pater
1264 1088 1484 1158 optime,
1521 1107 1617 1140 nec
1652 1087 1718 1140 de
1750 1107 2001 1158 germano

147 1176 376 1247 colloqui
415 1177 592 1248 pigeat
632 1180 755 1229 cum
796 1176 903 1241 illo,
946 1177 1038 1247 qui
1078 1177 1134 1227 in
1173 1178 1336 1228 fratre
1377 1189 1472 1228 tuo
1513 1175 1669 1229 decus
1709 1195 1862 1230 suum
1903 1175 2001 1229 sibi

146 1277 485 1334 praereptum
547 1264 731 1334 luget3
814 1277 868 1316 et
931 1277 1127 1328 tamen,
1190 1262 1354 1334 quod.
1396 1262 1687 1316 infantibus
1749 1263 1999 1334 prolapsis

146 1351 375 1404 nutrices
410 1351 597 1417 solent,
635 1365 754 1422 post
792 1365 901 1403 tam
938 1370 1148 1421 gravem
1184 1369 1361 1438 egsum
1398 1351 1574 1403 animo
1609 1370 1703 1403 suo
1739 1331 1999 1404 moerenti
2025 1365 2095 1394 100

145 1438 273 1491 haec
308 1438 591 1491 verborum
629 1438 947 1491 adminicula
983 1438 1372 1509 qualiacunque
1408 1438 1693 1508 conquirit.
1768 1438 1998 1492 Recense

109 1530 115 1535 '
145 1543 354 1578 mecum
378 1526 542 1596 igitur
566 1527 827 1578 fraternae
852 1526 992 1579 vitae
1018 1539 1226 1596 tempus
1253 1525 1555 1578 universum
1577 1546 1591 1591 3
1639 1526 1821 1579 aetatis
1847 1525 1997 1579 illum

144 1613 560 1684 angustissimam
596 1613 989 1684 portiunculam
1022 1627 1200 1666 tecum
1232 1613 1472 1683 exegisse,
1505 1626 1666 1684 teque
1694 1631 1997 1683 germanam

143 1700 250 1753 eius
287 1700 622 1754 dulcedinem
658 1719 862 1771 semper
896 1701 952 1753 in
989 1701 1214 1753 transitu
1249 1714 1304 1752 et
1339 1700 1426 1753 vix
1460 1700 1693 1767 summiS,
1731 1714 1793 1754 ut
1829 1701 1996 1768 aiunt,

142 1787 288 1840 labiis
311 1787 607 1858 degustasse
626 1788 888 1841 fateberis,
955 1788 1024 1841 Et
1046 1788 1087 1840 si
1106 1787 1359 1841 hactenus
1387 1787 1658 1841 absentem
1684 1807 1793 1841 non
1817 1788 1997 1842 luxisti
2022 1803 2091 1846 105

143 1874 247 1927 iam
301 1874 518 1927 tandem
562 1875 742 1944 lugere
787 1874 1030 1928 desinitO.
1075 1916 1087 1927 .
1132 1915 1143 1927 .
1189 1916 1199 1927 .
1254 1873 1359 1944 [He
1395 1874 1616 1927 reminds
1656 1875 1917 1928 Giovanni
1947 1876 2005 1945 of

145 1961 225 2015 the
256 1954 575 2015 consolations
604 1961 662 2031 of
686 1962 766 2015 the
800 1962 1065 2014 Christian
1081 1959 1275 2032 faith.]
1335 1960 1480 2014 Vale.
1544 1957 1795 2033 [Parma]‚
1825 1963 1994 2017 Nonis

144 2048 374 2103 Ianuarii
405 2048 602 2122 [1342]

530 2190 786 2252 Barbato
818 2191 1184 2251 Sulmonensi.
1255 2189 1421 2250 Fam.
1455 2213 1510 2250 v.
1549 2209 1597 2249 1.

269 2312 425 2367 VOD
461 2313 677 2368 verebar
707 2313 915 2379 accidit,
946 2312 1093 2385 quod
1123 2311 1378 2370 timebam
1408 2313 1617 2384 patior-3
1667 2313 1725 2366 in
1754 2312 1990 2369 dolorem

329 2413 462 2466 etus,
502 2414 626 2453 vota
669 2401 726 2454 in
766 2400 1027 2471 gemitum
1067 2398 1256 2453 abiere.
1334 2399 1461 2452 Non
1499 2399 1672 2453 multo
1704 2414 1989 2472 antequam

141 2487 502 2557 praesagirern,
542 2486 770 2541 deseruit
815 2505 907 2539 nos
957 2486 1182 2557 inclytus
1227 2486 1314 2541 ille
1351 2506 1441 2540 rex
1476 2500 1670 2552 noster,
1709 2488 1855 2542 cuius
1892 2489 1989 2541 etsi

141 2587 347 2626 matura
386 2588 522 2627 aetas
562 2588 710 2640 esset,
752 2588 930 2626 tamen
968 2573 1247 2644 peracerba
1286 2593 1423 2628 mors
1463 2588 1556 2627 est.
1632 2574 1702 2627 Et
1740 2574 1862 2641 heu,
1903 2594 1989 2628 me

141 2660 405 2727 miserum,
439 2660 665 2714 Barbate
696 2662 916 2731 optime,
950 2679 1110 2732 quam
1142 2681 1340 2728 vereor,
1376 2681 1441 2714 ne
1473 2662 1560 2714 illa
1591 2680 1806 2734 quoque
1837 2682 1986 2733 prae·
2010 2682 2034 2723 5

139 2747 275 2817 sagia
302 2748 578 2801 confirmet
604 2762 840 2814 eventuS,
867 2766 1003 2818 quae
1028 2748 1159 2800 mihi
1184 2749 1414 2819 suggerit
1441 2749 1619 2802 anxius
1647 2762 1701 2801 et
1727 2748 1985 2803 malorum

97 2883 102 2892 ,
140 2852 354 2886 suorum
403 2853 607 2905 semper
655 2835 808 2888 nimis
859 2849 1030 2889 certus
1081 2850 1222 2890 vates
1273 2837 1474 2890 animus
1525 2855 1706 2901 meus;
1776 2836 1851 2889 ita
1900 2855 1986 2888 me

139 2920 346 2990 reginae
393 2921 606 2974 iunioris
655 2922 886 2992 novique
932 2923 1062 2992 regis
1111 2923 1474 2989 adolescentia,
1523 2923 1599 2976 ita
1646 2942 1731 2976 me
1778 2923 1986 2994 reginae

139 3003 348 3055 alterius
373 3017 510 3057 aetas
531 3023 588 3056 ac
610 3006 959 3075 propositum,
982 3006 1058 3058 ita
1078 3024 1164 3058 me
1186 3006 1401 3059 tandem
1426 3007 1672 3060 territant
1695 3007 1982 3060 aulicorum

137 3090 346 3159 ingenia
387 3105 441 3143 et
483 3109 666 3144 mores.
746 3091 983 3144 Mendax
1023 3092 1108 3145 hic
1151 3094 1356 3146 utinam
1397 3094 1495 3146 sim
1536 3094 1796 3164 propheta
1818 3115 1832 3159 ;
1894 3092 1984 3146 sed
2008 3110 2056 3140 10

139 3196 295 3248 agnos
337 3176 465 3229 duos
507 3178 800 3233 multorum
845 3178 1112 3232 custodiae
1154 3179 1403 3251 luporum
1445 3180 1669 3234 creditos
1711 3179 1864 3234 video
1901 3199 1981 3234 re-

138 3282 410 3334 gnumque
440 3264 549 3316 sine
575 3283 709 3334 rege.
784 3265 923 3317 Nam
957 3264 1087 3336 quid
1119 3284 1214 3336 ego
1247 3267 1506 3338 eum,·qui
1539 3266 1603 3319 ab
1637 3266 1736 3319 alio
1764 3266 1979 3338 regitur,
