2242 3600
141 487 904 563 FRANCISCI
997 488 1973 566 PETRARCHAE

403 654 1050 715 EPISTOLAE
1125 657 1711 718 sELEcTAE

368 820 623 881 Iohanni
654 821 964 882 Columnae
995 821 1327 882 Cardinali.
1411 823 1576 884 Fam.
1608 824 1646 883 i.
1677 842 1735 904 4.

129 964 396 1094 AQVIS
443 965 746 1035 digressum,
791 965 881 1017 sed
930 967 1090 1036 priuS,
1137 965 1279 1019 unde
1323 980 1502 1019 ortum
1548 966 1732 1037 oppidi
1778 986 1974 1021 nomen

172 1065 175 1067 ’
256 1066 468 1123 putant,
510 1053 655 1123 aquis
691 1053 885 1105 Baiano
929 1072 1076 1105 more
1116 1053 1419 1123 tepentibus
1465 1053 1726 1120 ablutum,
1766 1056 1973 1124 excepit

127 1137 417 1208 Agrippina
460 1138 699 1204 Colonia,
744 1158 880 1209 quae
923 1139 988 1191 ad
1031 1140 1298 1192 sinistrum
1343 1139 1514 1191 Rheni
1556 1140 1693 1192 latus
1735 1141 1834 1193 sita
1877 1155 1973 1207 est,

125 1224 269 1277 locus
310 1239 364 1277 et
402 1226 508 1279 situ
549 1240 604 1278 et
642 1226 862 1278 flumine
903 1226 1066 1278 clarus
1108 1241 1161 1279 et
1202 1226 1417 1297 populo,
1493 1227 1699 1279 Mirum
1739 1227 1796 1279 in
1836 1241 1975 1280 terra

127 1311 394 1364 barbarica
435 1326 634 1382 quanta
675 1312 910 1378 civilitas,
954 1332 1089 1383 quae
1129 1312 1271 1365 urbis
1312 1313 1522 1383 species,
1565 1331 1700 1383 quae
1739 1314 1972 1366 virorum
1996 1330 2020 1373 5

124 1398 365 1467 gravitas,
398 1417 533 1469 quae
568 1398 862 1451 munditiae
897 1402 1290 1454 matronarum!
1364 1400 1525 1451 Forte
1556 1399 1803 1452 Iohannis
1836 1401 1972 1470 Bap-

126 1485 280 1537 tistae
323 1486 497 1555 vigilia
535 1500 663 1551 erat,
702 1485 830 1538 dum
866 1486 989 1538 illuc
1026 1486 1272 1556 applicui,
1310 1500 1364 1538 et
1399 1486 1503 1538 iam
1539 1485 1605 1538 ad
1638 1486 1972 1540 occidentem

109 1571 201 1623 'sol
227 1572 475 1641 vergebat
497 1594 511 1637 3
561 1573 839 1624 confestim
869 1573 1156 1624 amicorum
1185 1573 1395 1625 monitu
1425 1574 1567 1642 (nam
1596 1587 1650 1625 et
1678 1573 1752 1624 ibi
1780 1574 1971 1626 amicos

125 1659 268 1728 prius
300 1660 438 1711 fama
464 1673 740 1729 pepererat
779 1678 939 1729 quam
966 1659 1237 1728 meritum)
1268 1659 1332 1712 ab
1358 1659 1589 1729 hospitio
1623 1659 1872 1712 traducor
1905 1660 1973 1713 ad

122 1745 363 1812 fluvium,
402 1746 603 1815 insigne
638 1746 996 1816 spectaculum
1034 1746 1251 1800 visuruS.
1325 1748 1440 1799 Nec
1477 1746 1709 1800 fallebar.
1784 1746 1970 1799 Omnis
1999 1773 2043 1801 10

125 1832 265 1885 enim
303 1833 415 1902 ripa
457 1832 722 1902 praeclaro
765 1848 818 1885 et
854 1833 1057 1901 ingenti
1100 1833 1382 1885 mulierum
1425 1833 1632 1901 agmine
1674 1831 1970 1901 tegebatur.

124 1918 411 1989 Obstupui,
443 1919 515 1971 dii
545 1919 670 1971 boni
695 1921 706 1973 !
757 1939 891 1990 quae
919 1922 1087 1972 forma
1112 1922 1123 1973 !
1174 1939 1308 1991 quae
1336 1920 1489 1972 facies
1514 1921 1527 1973 Ξ
1577 1919 1691 1990 quis
1720 1918 1931 1972 habitus
1956 1921 1968 1974 Ξ

122 2006 314 2059 Amare
362 2006 636 2077 potuisset,
687 2007 919 2078 quisquis
970 2026 1033 2059 eo
1082 2026 1189 2059 non
1238 2020 1682 2077 praeoccupatum
1733 2006 1969 2059 animum

125 2093 401 2146 attulisset.
495 2093 560 2145 In
609 2093 726 2145 loco
776 2093 934 2163 paulo
984 2093 1168 2146 altiore
1218 2094 1574 2158 constiteram,
1620 2092 1763 2145 unde
1811 2093 1867 2145 in
1912 2113 1970 2148 ea
2034 2142 2040 2150 .

124 2199 259 2250 quae
312 2179 631 2248 gerebantur
689 2179 1038 2233 intenderem.
1127 2180 1453 2232 Incredibilis
1512 2180 1623 2231 sine
1682 2179 1971 2231 offensione
1995 2194 2041 2237 ¹5

123 2285 401 2319 concursus
460 2281 588 2332 erat,
643 2266 974 2336 vicissimque
1031 2267 1235 2332 alacres,
1292 2286 1408 2337 pars
1466 2266 1639 2318 herbis
1696 2266 1968 2318 odoriferis

121 2354 400 2419 incinctae,
458 2353 794 2423 reductisque
851 2368 969 2422 post
1027 2354 1270 2406 cubitum
1327 2354 1560 2419 manicis,
1612 2352 1855 2405 candidas
1913 2354 1969 2406 in

121 2440 330 2508 gurgite
356 2458 539 2491 manus
566 2459 625 2491 ac
652 2439 861 2491 brachia
886 2439 1149 2505 lavabant,
1179 2441 1352 2492 nescio
1378 2439 1509 2509 quid
1537 2438 1790 2491 blandum
1818 2459 1966 2509 pere-

120 2527 271 2595 grino
305 2544 577 2578 murmure
611 2526 985 2596 colloquenteS.
1062 2526 1165 2578 Vix
1200 2545 1472 2597 nunquam
1511 2526 1694 2578 clarius
1734 2526 1967 2578 intellexi

121 2611 267 2683 quod
308 2612 552 2665 Ciceroni
596 2613 787 2684 placet,
828 2627 881 2664 et
921 2613 1086 2664 veteri
1131 2612 1411 2683 proverbio
1451 2612 1554 2664 dici
1593 2613 1759 2665 solet:
1828 2613 1968 2665 inter
1991 2638 2041 2668 ιο

119 2699 319 2768 linguas
358 2699 649 2768 incognitas
685 2717 864 2751 omnes
904 2699 1291 2769 propemodum
1329 2699 1509 2752 surdos
1550 2719 1607 2752 ac
1643 2714 1818 2752 mutos
1844 2720 1964 2755 esse.

121 2787 299 2840 Vnum
335 2786 466 2838 mihi
500 2786 744 2838 solatium
783 2787 1194 2854 gratissimorum
1234 2789 1588 2858 interpretum
1625 2807 1733 2840 non
1768 2787 1964 2843 deerat.

122 2873 262 2925 Nam
312 2887 367 2925 et
405 2866 516 2925 'hoc
565 2874 705 2925 inter
753 2888 944 2926 cuncta
993 2874 1267 2940 mirabere,
1318 2875 1523 2927 coelum
1573 2874 1705 2926 illud
1753 2875 1966 2946 spiritus

119 2958 311 3011 Pierios
357 2959 508 3012 alere.
588 2960 778 3030 Itaque
824 2959 951 3011 dum
997 2960 1221 3012 miratur
1258 2961 1534 3027 Iuvenalis,
1575 2959 1721 3030 quod
1762 2960 1966 3013 ‘Gallia

120 3045 402 3098 causidicos
439 3046 621 3100 docuit
654 3046 880 3099 facunda
913 3047 1190 3099 Britannos
1208 3049 1242 3112 ',
1278 3048 1501 3099 miretur
1535 3047 1712 3100 idem:
1772 3049 1786 3072 ‘
1811 3047 1966 3100 docta
1989 3068 2038 3111 25

119 3131 266 3203 quod
301 3146 510 3202 argutos
548 3133 678 3184 aluit
714 3132 1000 3184 Germania
1036 3135 1214 3186 vates.'
1292 3133 1365 3185 At
1401 3153 1467 3185 ne
1501 3152 1586 3185 me
1625 3148 1839 3186 auctore
1869 3135 1964 3186 fal-

120 3218 257 3283 laris,
298 3218 430 3270 scito
472 3218 547 3270 ibi
590 3219 795 3271 nullum
839 3219 1119 3270 Maronem
1163 3238 1285 3285 esse,
1330 3221 1560 3272 Nasones
1600 3220 1870 3289 plurimos,
1904 3235 1965 3273 ut

198 3318 300 3369 2548
1030 3325 1059 3357 B
