2242 3600
296 160 391 229 176
803 160 1192 216 GVIDONI
1248 163 1638 248 SEPTIMO

291 287 504 356 quando
522 288 717 356 magnis
737 288 950 340 urbibus
969 289 1289 358 praelaturus
1307 291 1439 342 sim.⁹
1494 290 1637 342 Haec
1657 305 1784 343 tunc
1803 310 1899 359 ego
1915 309 2123 343 mecum

199 390 268 431 115
291 373 497 438 tacituS,
533 393 667 444 quae
700 392 822 425 mox
854 388 1034 444 postea
1066 390 1127 428 ut
1160 376 1364 430 virilem
1397 390 1625 429 aetatem
1658 378 1828 446 attigi,
1862 390 2125 446 quantum

291 478 398 512 non
435 459 550 512 otio'
586 479 703 511 meo
743 460 969 513 mundus
1009 462 1216 527 invidit,
1254 462 1362 522 late
1400 462 1545 525 claris
1583 462 1786 514 indiciis
1836 477 1962 515 nota
2004 463 2123 516 feci.

290 545 494 598 Multos
529 545 632 597 illic
669 547 809 598 enirn
845 565 1020 612 annm,
1056 548 1145 599 sed
1182 548 1516 600 avocantibus
1553 567 1638 600 me
1670 549 1868 618 saepius
1904 549 2124 617 negotiis

290 650 570 702 rerumque
624 632 1019 686 difficultatibus
1072 635 1394 704 interruptos
1449 636 1564 703 egi3
1640 649 1787 687 tanta
1840 648 2019 687 tamen
2068 635 2133 698 in,

289 719 469 789 requie
510 732 764 788 tantaque
805 719 1097 785 dulcedine,
1140 735 1218 785 ut,
1262 741 1323 772 ex
1363 740 1487 791 qu0‚
1530 721 1661 791 quid
1699 721 1808 774 vita
1847 721 2125 773 hominum

197 823 268 853 120
289 818 436 870 esset,
469 805 673 873 agnovi,
703 805 837 857 illud
866 807 1031 858 ferme
1059 806 1228 858 solum
1260 821 1466 877 tempus
1498 808 1607 860 vita
1638 807 1767 858 mihi
1797 807 1975 871 fuerit,
2007 805 2125 858 reli-

290 909 456 960 quum
487 909 644 943 omne
670 891 992 962 'supplicium
1020 933 1032 946 .
1063 934 1075 945 .
1106 934 1118 945 .
1182 892 1287 962 [He
1316 894 1491 946 recalls
1524 893 1732 946 Guido’s
1761 894 1909 945 visits
1943 905 1988 944 to
2022 891 2126 945 him

290 990 346 1029 at
400 978 449 1030 V
450 978 661 1043 aucluse‚
720 978 974 1030 whenever
1026 979 1084 1031 he
1139 979 1278 1032 could
1329 993 1499 1050 escape
1537 980 1674 1049 from
1728 979 1807 1031 his
1857 978 2021 1031 duties
2071 990 2128 1031 at
2177 965 2182 968 V

288 1063 564 1133 Avignon.]

358 1150 614 1209 Quotiens
648 1164 825 1202 autem
859 1152 998 1217 reris,
1034 1171 1118 1203 me
1150 1172 1253 1204 nox
1285 1166 1395 1204 atra
1426 1152 1595 1204 solum
1627 1151 1812 1222 procul
1842 1152 1898 1204 in
1929 1151 2125 1221 campis

197 1255 267 1298 125
288 1236 565 1301 invenerit,
605 1237 848 1306 quotiens
886 1257 979 1306 per
1016 1252 1266 1290 aestatem
1305 1238 1477 1291 media
1514 1251 1672 1290 nocte
1706 1237 2015 1290 surrexerim
2051 1249 2125 1301 et,

291 1323 558 1374 nocturnis
607 1323 820 1375 Christo
865 1323 1103 1376 laudibus
1151 1324 1442 1394 persolutis,
1490 1343 1623 1376 unus
1670 1342 1784 1392 eg0,
1832 1341 1899 1375 ne
1942 1341 2127 1375 somno

291 1426 483 1479 pressos
523 1410 742 1462 famulos
781 1410 1147 1480 inquietarem,
1189 1431 1330 1464 nunc
1367 1411 1422 1462 in
1461 1429 1622 1479 agros,
1662 1409 1965 1480 praesertim
2002 1407 2125 1461 sub-

288 1495 440 1547 lustri
462 1494 605 1560 luna,
631 1514 770 1547 nunc
794 1495 850 1548 in
875 1509 1078 1548 montes
1103 1496 1315 1548 exierim
1343 1500 1360 1548 ?
1423 1495 1680 1556 Quotiens
1703 1495 1831 1546 hora
1852 1493 1956 1559 illa,
1982 1492 2127 1546 nullo

291 1581 502 1646 comite,
532 1600 642 1660 non
662 1581 772 1659 sine
797 1580 1071 1656 voluptate
1097 1582 1365 1647 horrida,
1351 1600 1581 1634 1mmane
1604 1580 1738 1633 illud
1761 1579 1921 1632 fontis
1946 1597 2126 1650 specus

199 1667 593 1720 1301ntraver1m
630 1656 737 1737 quo
772 1667 854 1720 vel
889 1668 1203 1721 comitatum
1237 1668 1354 1720 luce
1388 1667 1590 1737 ingredi
1624 1667 1808 1719 horror
1843 1679 1920 1718 est
1947 1669 2019 1719 Ρ.

289 1752 475 1825 [There
498 1772 600 1805 was
622 1772 681 1805 no
704 1772 872 1824 enemy
899 1766 944 1806 to
952 1754 1121 1823 sear
1099 1774 1154 1807 zn
1181 1755 1308 1806 those
1332 1753 1496 1824 days]
1555 1753 1700 1814 Quid
1731 1751 1921 1805 deinde
1951 1752 2126 1804 mirari

291 1858 477 1911 posses,
504 1840 560 1891 in
591 1858 701 1891 rem
734 1858 898 1892 nosses
931 1841 1065 1914 [sic],
1098 1840 1268 1892 adhuc
1301 1859 1386 1892 me
1416 1839 1491 1891 ibi
1525 1856 1728 1908 agente,
1747 1838 1867 1908 lupi
1899 1837 2128 1906 advenae

293 1945 457 1996 usque
482 1926 538 1977 in
562 1925 801 1995 oppiduli
837 1925 1017 1977 domos
1053 1927 1360 1978 catervatim
1393 1945 1542 1978 ruere
1580 1937 1878 1995 coeperant,
1904 1938 1958 1976 et
1988 1925 2127 1977 facta

292 2030 509 2081 gregum
541 2011 714 2077 caede,
747 2012 1000 2064 attonitos
1033 2012 1369 2083 trepidosque
1398 2013 1532 2082 ipsos
1563 2011 1663 2063 loci
1694 2010 1884 2063 incolas
1915 2010 2124 2075 habere,

201 2114 271 2156 135
296 2118 390 2151 nec
421 2098 675 2151 damnum
707 2098 883 2163 m0d0,
914 2098 1004 2150 sed
1029 2099 1305 2167 augurium
1336 2117 1440 2151 esse
1471 2112 1525 2151 et
1554 2097 1802 2168 luporum
1833 2095 2008 2162 cred0,
2032 2097 2126 2167 qui

291 2186 501 2239 venturi
537 2198 702 2250 erant,
739 2185 1060 2255 praesagium
1096 2199 1433 2238 armatorum.
1507 2183 1777 2255 Siquidem
1813 2201 1920 2235 non
1955 2182 2127 2236 multo

293 2286 576 2344 postquam
596 2272 722 2324 inde
744 2272 1087 2337 discesseram,
1107 2290 1263 2341 parva
1281 2270 1538 2341 quaedam
1560 2269 1820 2340 foedaque
1841 2282 1895 2322 et
1919 2269 2126 2322 infamis

295 2377 475 2410 manus
507 2359 703 2422 furum,
735 2357 825 2409 sed
854 2357 1087 2426 ignaviae
1119 2356 1409 2409 accolarum
1441 2356 1622 2421 fidens,
1654 2355 1896 2408 omnibus
1927 2355 2142 2408 circum‘

293 2444 565 2515 pererratis
616 2462 674 2496 ac
720 2443 953 2513 direptis,
995 2442 1061 2495 ad
1106 2457 1401 2495 extremum
1442 2460 1664 2512 prorsus,
1706 2455 1768 2494 ut
1813 2441 1941 2494 sacri
1985 2441 2124 2494 fures

202 2549 274 2586 140
295 2543 461 2582 essent
493 2549 549 2581 ac
582 2529 647 2581 de
675 2530 821 2582 furto
849 2540 947 2581 suo}
973 2529 1239 2582 Lavernae
1267 2531 1446 2582 furum
1478 2528 1733 2598 deaessrite
1760 2527 2125 2592 sacrificarent,

293 2618 407 2686 ipso
444 2615 707 2666 dominico
743 2614 901 2668 natali
940 2599 1039 2679 die,
1076 2615 1348 2667 incautum
1385 2633 1467 2666 rus
1505 2614 1738 2682 aggressi,
1775 2611 1956 2671 ablatis
1992 2630 2129 2682 quae

296 2702 485 2755 auferri
543 2715 806 2772 poterant,
866 2701 1064 2771 reliqua
1119 2691 1340 2752 flammis
1399 2713 1718 2764 exusserunt,
1777 2699 1939 2768 inque
1993 2696 2126 2750 illud

296 2787 653 2859 hospitiolum,
673 2808 734 2841 ex
756 2808 863 2861 quo
883 2789 1060 2841 Croesi
1083 2807 1237 2857 regna
1259 2787 1583 2858 spernebam,
1605 2786 1734 2854 ignis
1755 2784 2009 2836 immissus
2029 2798 2122 2838 est.

297 2874 537 2927 Testudo
561 2888 708 2927 vetus
735 2873 979 2927 incendio
999 2874 1210 2938 restitit,
1232 2872 1582 2942 properabant
1610 2872 1750 2923 enim
1776 2871 1914 2922 fures
1939 2870 2123 2940 impii3

205 2969 273 3010 ι45
285 2960 494 3027 fibellos
515 2959 733 3030 aliquot,
751 2974 883 3030 quot
903 2959 1007 3011 illic
1029 2959 1202 3011 abiens
1224 2959 1534 3022 dimiseram,
1552 2957 1709 3010 villici
1730 2957 1832 3008 mei
1853 2955 2004 3020 filius,
2020 2955 2124 3008 iam

296 3047 352 3099 id
378 3061 501 3099 ante
526 3047 841 3117 praesagiens
868 3047 1127 3110 futurum,
1149 3045 1203 3096 in
1224 3063 1393 3096 arcem
1424 3042 1750 3107 contulerat3
1791 3059 1950 3111 quam
1975 3059 2124 3111 prae-

298 3133 455 3185 dones
488 3130 962 3202 inexpugnabilem,
986 3144 1055 3198 ut
1087 3144 1180 3200 est,
1213 3132 1330 3194 rati,
1359 3128 1450 3181 sed
1481 3142 1541 3193 ut
1573 3126 2034 3193 erat-indefensam
2065 3146 2124 3180 ac

298 3237 514 3272 vacuam
547 3219 841 3287 ignorantes
878 3217 1065 3270 abiere.
1143 3216 1226 3268 Sic
1261 3215 1381 3268 diris
1413 3235 1442 3266 e
1472 3214 1707 3267 faucibus
1741 3226 1947 3283 praeter
1978 3230 2125 3283 spem
