2242 3600
226 180 293 234 94
873 162 1430 216 TALARANDO

223 306 438 345 noverat
462 292 697 356 cariores,
724 291 971 342 exactiori
995 291 1231 344 custodia
1255 292 1592 345 conservabat
1614 314 1628 358 3
1674 294 1883 365 iamque
1904 295 2064 366 longo

222 397 317 431 usu
353 398 415 430 eo
450 391 757 448 pervenerat
794 391 855 429 ut
891 391 945 429 et
971 379 1185 430 nomine
1216 392 1386 430 nosset
1412 398 1569 449 opera
1603 394 1842 433 veterum
1867 396 1921 435 et
1947 401 2063 437 mea

150 476 198 517 35
221 464 375 516 simul
408 465 719 516 internosset
755 463 1019 533 opuscula.
1089 464 1259 517 Totus
1295 464 1634 517 hilarescebat
1669 467 1911 536 quotiens
1945 468 2090 534 sibi‚r

222 564 283 602 ut
316 550 394 615 fit,
428 550 623 602 librum
657 549 883 619 aliquem
916 550 971 602 in
1003 551 1240 603 manibus
1273 551 1572 620 posuissem,
1605 552 1966 623 stringensque
1997 554 2064 606 ad

221 650 403 706 pectus
447 635 752 705 suspirabat.
835 636 1232 706 Nonnunquam
1277 637 1523 689 submissa
1568 657 1696 690 voce
1740 639 1897 708 ipsius
1941 639 2084 692 libris

221 722 568 792 compellabat
606 735 892 787 auctorem,
931 735 1002 787 et,
1041 723 1233 774 mirum
1273 723 1437 788 dictu,
1475 723 1585 775 solo
1620 723 1875 777 librorum
1914 739 2062 795 tactu

221 809 302 861 vel
329 822 540 878 aspectu
567 808 677 859 fieri
702 808 1032 883 sibigdoctior
1058 822 1218 878 atque
1244 809 1443 878 felicior
1468 810 1763 862 videbatur.

148 917 199 952 40
289 895 391 945 Hic
427 895 589 962 igitur
626 894 740 945 talis
777 880 952 946 rerum
989 913 1223 946 mearum
1260 879 1447 960 custos,
1487 915 1717 966 quocum
1755 896 1922 949 tribus
1958 897 2062 950 iam

219 980 390 1032 lustris
431 999 574 1032 curas
614 980 798 1049 partiri
836 979 1033 1045 solitus,
1074 999 1170 1031 nec
1208 999 1348 1033 secus
1389 1001 1451 1033 eo
1490 1001 1648 1051 quam
1688 996 1749 1034 ut
1790 982 1893 1034 dici
1931 983 2078 1037 solet,

221 1066 421 1118 Cereris
449 1065 732 1130 sacerdote,
755 1085 850 1117 nec
879 1065 1028 1117 aliter
1057 1065 1216 1117 domo
1244 1067 1349 1119 eius
1379 1086 1537 1137 quam
1567 1067 1768 1138 templo
1794 1067 1916 1120 fidei
1944 1087 2061 1122 usus

221 1170 378 1216 eram,
403 1165 639 1221 etquem
662 1151 834 1221 pridies
856 1151 1235 1221 imperantibus
1259 1152 1475 1222 quidem
1497 1152 1642 1205 vobis
1665 1153 1789 1206 inde
1811 1150 2080 1223 digressus]

218 1238 404 1291 leviter
436 1251 797 1307 aegrotantem
832 1237 1079 1289 dimisisse
1110 1238 1275 1303 rebar,
1309 1239 1413 1290 iam
1451 1239 1637 1304 senior,
1670 1239 1777 1305 sed,
1811 1253 1873 1292 ut
1904 1228 2063 1293 Maro

149 1349 197 1390 45
221 1325 311 1389 ait,
343 1324 504 1376 cruda
533 1338 587 1376 et
618 1324 772 1377 viridi
802 1338 1089 1389 senectute,
1122 1325 1233 1376 heri
1263 1324 1330 1376 ad
1358 1344 1624 1395 vesperam
1655 1344 1740 1377 me
1770 1326 1967 1378 dimisit
1998 1326 2064 1379 ad

221 1411 443 1463 melioris
467 1411 668 1463 domini
690 1411 965 1463 translatus
988 1411 1250 1481 obsequia.
1309 1411 1406 1463 Ille
1424 1412 1524 1463 sibi
1544 1426 1662 1482 post
1686 1426 1769 1464 tot
1790 1432 2063 1483 corporeos

219 1497 417 1549 labores
455 1516 614 1549 unam
652 1498 812 1549 animi
840 1498 1075 1567 requiem
1110 1497 1359 1567 largiatur
1397 1539 1408 1550 .
1449 1539 1461 1550 .
1503 1539 1514 1550 .
1577 1497 1681 1568 [He
1714 1499 1867 1568 refers
1905 1511 1949 1551 to
1978 1499 2065 1571 „his
2102 1432 2111 1556 l

220 1585 461 1635 servant’s
491 1584 646 1653 belias
669 1585 723 1636 in
757 1584 836 1636 the
871 1584 1134 1637 Christian
1155 1583 1345 1655 saith]
1409 1585 1555 1637 Vnus
1586 1585 1802 1655 quidem
1833 1605 1862 1638 e
1891 1587 2062 1656 pueris

222 1671 347 1721 meis
373 1671 463 1740 qui
489 1672 629 1722 forte
654 1670 942 1723 obeuntem
967 1670 1116 1723 illum
1142 1671 1361 1736 viderat,
1389 1691 1540 1723 cursu
1566 1672 1776 1724 concito
1802 1686 2062 1726 moestum

150 1784 198 1824 50
220 1754 441 1823 pertulit
472 1773 755 1819 rumorem,
789 1768 843 1806 et
874 1754 940 1806 ad
971 1774 1056 1806 me
1085 1774 1193 1807 sera
1223 1756 1327 1807 iam
1359 1769 1516 1807 nocte
1546 1757 1785 1825 pervenit
1817 1756 2062 1810 nuntians

220 1840 369 1892 illum
391 1841 666 1909 exspirasse
686 1860 837 1910 saepe
866 1859 951 1892 me
979 1843 1192 1893 nomine
1219 1855 1514 1906 vocantem,
1537 1841 1841 1911 Christique
1869 1861 2063 1896 nomen

221 1946 342 1979 cum
367 1927 588 1978 lacrimis
615 1928 966 1979 invocantem.
1031 1927 1260 1993 Indolui,
1286 1928 1488 1996 gravius
1517 1927 1790 1993 dolituruS,
1819 1929 1914 1980 nisi
1940 1930 2063 1998 quia

221 2033 314 2084 per
358 2027 587 2065 aetatem
633 2014 856 2066 hominis
903 2015 1045 2066 hunc
1091 2015 1220 2066 mihi
1267 2033 1441 2066 casum
1486 2015 1678 2066 instare
1723 2014 1894 2067 multo
1940 2029 2062 2067 ante

222 2100 594 2170 praevideram.
692 2100 776 2152 Ire
807 2168 813 2170 M
835 2101 997 2173 igitur
1049 2114 1305 2171 ‚Oposs-tet.3
1389 2100 1510 2152 date
1568 2101 1790 2166 veniam,
1851 2119 2059 2171 quaeso,

151 2199 197 2241 55
221 2185 569 2255 gloriosissimi
596 2172 786 2255 patreS,
814 2186 1212 2256 supplicemque
1238 2179 1709 2279 vestrumlmissum
1737 2187 1912 2251 facite,
1941 2187 2060 2239 urbi

219 2291 616 2342 supervacuum,
676 2274 1017 2325 necessarium
1075 2273 1199 2338 ruri,
1258 2273 1439 2342 ibique
1495 2273 1654 2341 magis
1712 2272 2061 2326 bibliothecae

220 2359 502 2411 sollicitum
541 2377 700 2428 quam
740 2359 904 2428 agelli.
1000 2358 1148 2429 Opto
1186 2359 1331 2411 vobis
1372 2358 1706 2428 tranquillam
1751 2377 1808 2410 ac
1853 2359 2059 2413 felicem

221 2447 403 2499 vitam.
467 2445 744 2511 Avinione,
775 2447 942 2497 Nonis
973 2446 1199 2498 Ianuarii
1227 2444 1312 2515 [13
1321 2444 1422 2515 53].

640 2656 933 2715 Gherardo
944 2656 1159 2734 fratri.
1229 2656 1394 2714 Fam.
1425 2654 1542 2715 xvi.
1577 2673 1629 2713 2.

336 2794 644 2846 ENABAM
670 2796 808 2846 forte
835 2795 976 2865 apud
1001 2796 1381 2847 sanctissimum
1408 2807 1567 2864 atque
1593 2795 1858 2864 optimum
1885 2795 2056 2848 virum

338 2880 788 2946 Ildebrandinum,
829 2881 1108 2934 Patavinae
1145 2881 1433 2952 praesulem
1484 2881 1754 2946 Ecclesiae,
1795 2882 1887 2951 qui
1927 2895 2056 2934 tunc

221 2965 490 3016 civitatem
520 2963 661 3015 illam
692 2963 1071 3034 multiplicibus
1101 2965 1362 3017 virtutum
1393 2962 1544 3015 radiis
1574 2963 1883 3029 illustrabat,
1915 2983 2055 3016 nunc

221 3069 417 3102 novum
445 3049 589 3101 coelo
622 3049 759 3100 sidus
795 3050 1020 3114 accessit,
1050 3050 1177 3101 dum
1213 3069 1330 3101 ecce
1365 3048 1492 3101 duos
1529 3050 1608 3101 tui
1642 3049 1835 3101 ordinis
1862 3050 2055 3120 priores

177 3148 361 3188 5casus
402 3132 600 3196 attulit,
642 3131 864 3183 alterum
906 3131 1168 3197 Italicum,
1208 3130 1611 3201 Transalpinum
1652 3131 1910 3196 alterum;
1970 3131 2055 3184 hic

221 3219 527 3271 Casularum
562 3218 744 3270 domus
779 3217 1078 3270 moderator
1112 3233 1239 3283 erat,
1274 3236 1408 3288 quae
1439 3217 1779 3287 Albingaunis
1811 3217 2053 3270 litoribus
2112 3260 2114 3262 ,
