2242 3600
252 186 318 238 66
625 187 1019 239 IOHANNI
1079 188 1187 240 DE
1244 188 1724 242 CERTALDO

248 317 377 381 ibat,
400 317 490 369 sed
512 316 683 369 multo
705 316 957 368 sinistrior
982 331 1192 382 eventu,
1218 336 1414 388 equum
1438 336 1634 382 meum,
1659 331 1719 370 ut
1743 318 1910 383 aiunt,
1933 318 2088 372 ferire

245 403 439 468 volenS,
469 422 572 468 me,
599 422 701 473 qua
738 402 898 454 tibiae
935 402 1113 472 poples
1151 403 1405 472 iungitur,
1445 417 1591 455 tanta
1628 403 1681 456 vi
1717 405 1986 474 percussit,
2024 419 2086 459 ut

246 490 424 558 ingens
451 490 598 543 velut
625 491 914 540 fractorum
943 508 1095 562 sonus
1122 489 1312 541 ossium
1341 489 1534 542 multos
1563 489 1723 542 etiam
1751 490 1843 560 qui
1869 491 2086 550 aberant

175 599 222 640 55
246 575 312 627 ad
343 574 699 645 spectaculum
731 588 986 626 evocaret.
1055 575 1253 626 Dolore
1285 589 1455 628 tactus
1487 575 1781 628 incredibili
1811 576 2087 630 subsistere

245 658 416 728 primo
455 657 738 709 meditatus
777 676 927 721 sum3
986 657 1093 727 ipse
1131 677 1215 710 me
1252 658 1393 711 locus
1432 658 1724 724 exterruit3
1783 659 2087 714 necessitate

244 744 404 813 igitur
441 744 495 795 in
530 743 784 796 virtutem
821 762 980 809 versa,
1018 763 1129 796 sero
1164 745 1464 798 Viterbium
1501 759 1662 816 atque
1705 745 1829 798 inde
1879 745 1967 799 vix
2001 745 2087 799 die

246 831 405 882 tertio
434 831 656 882 Romam
684 829 854 899 attigi.
920 830 1050 895 Illic,
1079 831 1292 883 medicis
1320 832 1513 896 accitis,
1542 851 1595 883 os
1626 832 1897 885 detectum
1925 844 2086 903 atque

243 917 483 968 horrifice
529 916 753 968 albicans
801 916 1023 967 dubium
1070 937 1134 968 an
1181 930 1234 968 et
1280 919 1545 982 fractum3
1610 918 1824 987 vestigia
1872 936 2085 989 quoque

170 1019 219 1057 60
243 1002 515 1054 clarissima
548 1002 727 1054 ferrati
761 1002 908 1054 calcis
943 1004 1209 1055 extabant.
1279 1003 1426 1055 Odor
1460 1004 1683 1073 neglecti
1714 1004 1940 1057 vulneris
1973 1018 2084 1058 tam

242 1090 506 1153 molestus,
557 1102 617 1140 ut
668 1107 752 1140 me
800 1089 972 1158 ipsum
1020 1109 1173 1161 supra
1221 1089 1381 1141 fidem
1429 1090 1761 1161 impatientia
1809 1091 1888 1143 sui
1935 1110 2085 1162 saepe

206 1186 207 1189 ’
240 1175 495 1229 violenter
525 1189 782 1228 averteret
807 1196 820 1239 3
870 1188 923 1226 et
954 1175 1189 1246 quamvis
1219 1195 1340 1228 cum
1371 1195 1588 1247 corpore
1616 1190 1795 1229 nostro
1824 1177 2082 1248 quaedam

241 1262 387 1314 nobis
424 1262 603 1313 innata
640 1261 958 1313 familiaritas
996 1262 1078 1326 sit,
1117 1280 1208 1332 per
1247 1281 1404 1332 quam
1442 1262 1607 1315 multa
1645 1263 1700 1315 in
1735 1283 1827 1316 suo
1863 1282 2082 1334 corpore

216 1353 341 1415 ,fert
372 1351 592 1421 quisque
621 1351 846 1403 suaviter
877 1351 1021 1421 quod
1050 1350 1104 1403 in
1133 1349 1297 1402 altero
1326 1349 1604 1414 fastidiret,
1634 1370 1730 1420 ego
1759 1364 1937 1402 tamen
1965 1369 2080 1403 raro

168 1450 215 1500 65
239 1456 472 1508 unquam
506 1438 559 1488 in
594 1437 761 1489 alieno
795 1437 1042 1490 cadavere
1076 1450 1135 1488 ut
1170 1454 1311 1488 nunc
1343 1436 1398 1487 in
1430 1456 1583 1488 carne
1616 1436 1826 1507 propria
1859 1437 2080 1506 cognovi

238 1543 395 1595 quam
420 1523 568 1587 nihil,
594 1523 757 1575 immo
780 1542 904 1576 vero
929 1542 1087 1594 quam
1112 1522 1358 1574 miserum
1383 1536 1436 1574 et
1460 1522 1562 1576 vile
1585 1522 1775 1576 animal
1799 1536 1875 1575 est
1898 1523 2078 1589 home,
2101 1528 2111 1531 χ

209 1667 211 1669 ,
236 1610 331 1662 nisi
356 1610 743 1679 ignobilitatem
768 1609 995 1680 corporis
1021 1609 1182 1662 animi
1207 1608 1484 1661 nobilitate
1507 1609 1806 1662 redemerit.

304 1696 447 1756 Quid
479 1696 646 1749 multa
676 1700 693 1748 ?
763 1697 909 1748 Inter
941 1714 1122 1748 manus
1154 1695 1480 1748 medicorum
1511 1695 1755 1766 intraque
1786 1710 1990 1766 metum
2021 1710 2076 1749 et

234 1802 379 1853 spem
406 1782 580 1835 salutis
609 1781 837 1834 dubius
823 1800 927 1834 lam
955 1795 1204 1852 quartum
1233 1781 1495 1833 decimum
1524 1781 1663 1833 diem
1691 1782 1928 1834 Romae
1891 1800 2074 1861 111660,

166 1895 213 1934 70
235 1869 325 1940 qui
358 1867 561 1921 dierum
593 1887 858 1932 numeruS,
890 1867 930 1919 si
963 1886 1083 1919 cum
1115 1866 1259 1919 annis
1292 1867 1519 1919 totidem
1552 1869 1869 1932 conferatur,
1901 1856 2075 1921 iudice

234 1975 317 2007 me
347 1956 549 2025 longior
581 1969 742 2026 atque
773 1954 1038 2006 molestior
1070 1953 1153 2006 sit.
1219 1953 1322 2006 Hic
1355 1953 1495 2006 enim
1526 1967 1689 2007 status
1721 1973 1842 2006 cum
1874 1954 2073 2026 ubique

234 2042 363 2094 mihi
411 2041 574 2111 gravis
624 2055 677 2093 et
726 2040 1059 2111 importunus
1110 2043 1317 2093 futurus
1367 2053 1514 2104 esset,
1563 2059 1624 2091 eo
1673 2040 1817 2110 quod
1865 2054 2072 2110 praeter

234 2142 476 2181 naturam
510 2127 858 2197 plurimorum
893 2126 1377 2197 quantulacumque
1409 2126 1482 2179 vis
1516 2125 1710 2195 ingenii
1743 2126 1847 2178 mei
1879 2126 1982 2179 situ
2016 2140 2070 2179 et

235 2215 412 2286 quiete
431 2214 657 2284 corporis
676 2227 872 2284 torpet,
891 2227 1042 2265 motu
1066 2213 1237 2264 sobrio
1259 2226 1532 2282 vegetatur
1556 2214 1636 2280 (ut
1655 2232 1761 2265 non
1784 2212 2070 2279 immerito,

164 2325 209 2365 75
235 2319 554 2371 quamquam
605 2300 901 2352 Stoicorum
947 2299 1227 2351 sententias
1279 2313 1620 2369 anteponens,
1657 2299 2068 2369 Peripateticum

233 2403 411 2440 tamen
436 2387 750 2461 ⁸ambulandi
789 2405 989 2438 morem
1028 2405 1229 2456 semper
1269 2400 1321 2437 et
1360 2385 1526 2438 verbis
1560 2399 1612 2436 et
1648 2385 1799 2437 rebus
1831 2385 1950 2455 ipsis
1974 2405 2066 2456 ap-

236 2474 456 2544 probare
497 2473 727 2539 soleam),
769 2487 886 2525 tum
926 2472 1011 2524 hic
1051 2472 1354 2543 praesertim
1393 2471 1864 2541 importunissimus
1905 2485 2068 2542 atque

229 2562 551 2631 gravissimus
597 2575 672 2613 est
719 2576 935 2631 propter
981 2561 1215 2613 animum
1261 2558 1627 2629 inexplebilem
1672 2558 1878 2627 reginae
1923 2558 2064 2611 urbis

229 2648 538 2718 aspectibuS,
575 2666 732 2718 quam
768 2667 873 2717 quo
907 2646 1066 2715 magis
1100 2647 1327 2710 intueor,
1361 2645 1520 2714 magis
1554 2643 1820 2715 magisque
1852 2644 1918 2696 ad
1952 2663 2062 2696 cre-

158 2748 207 2785 80
230 2735 463 2786 dendum
490 2752 645 2803 cogor
673 2733 934 2829 quidquid
963 2734 1027 2784 de
1053 2734 1148 2785 hac
1176 2732 1439 2802 scriptum
1434 2731 1689 2806 legimus.

295 2821 487 2872 Casum
510 2835 687 2873 tamen
708 2820 815 2890 ipse
836 2839 1013 2872 meum
1033 2820 1372 2889 doloremque
1393 2817 1645 2880 consolor,
1664 2817 1808 2887 quasi
1823 2817 1924 2868 hoc
1941 2835 2058 2868 coe-

226 2907 350 2959 litus
378 2922 555 2959 actum
583 2907 666 2971 sit,
695 2922 755 2959 ut
785 2907 1033 2977 quoniam
1061 2906 1114 2958 in
1142 2926 1226 2958 me
1254 2906 1510 2958 confessor
1538 2923 1680 2955 meus
1713 2903 1866 2955 fuisse
1897 2902 2059 2956 levior

225 2995 533 3058 videbatur¹,¹
557 2994 700 3064 quod
735 2994 798 3046 ab
834 2993 922 3044 illo
956 2993 1374 3063 praetermissum
1409 2993 1578 3043 fuerat
1614 2991 1743 3042 alter
1777 2989 2056 3061 impleret3

226 3096 278 3133 et
325 3081 611 3144 interdum,
648 3082 833 3144 fateor,
874 3080 1056 3150 putavi
1102 3079 1355 3132 iudicium
1399 3077 1504 3148 Dei
1550 3051 1671 3142 6εεῗ,
1709 3075 1929 3130 volentis
1974 3089 2055 3141 ut,

154 3178 202 3227 85
226 3166 368 3219 cuius
426 3166 660 3219 animum
718 3166 1004 3218 diutissime
1061 3166 1442 3218 claudicantem
1499 3163 1606 3234 ipse
1662 3161 1898 3215 manibus
1953 3161 2055 3214 suis

223 3268 471 3319 erexerat,
502 3253 607 3307 eius
635 3272 821 3323 corpus
851 3252 915 3304 de
943 3267 1117 3305 cetero
1145 3250 1475 3305 claudicaret.
1541 3249 1689 3309 Quae
1715 3248 1814 3300 rite
1840 3246 2054 3300 libranti
