2242 3600
259 206 327 261 74
689 192 1135 245 ANDREAE
1195 192 1656 245 DANDvLo

185 340 234 382 95
258 321 466 390 propria
499 340 605 373 non
638 321 811 391 possis.‚
846 321 912 372 ad
944 321 1000 373 id
1032 322 1425 392 circumspicere
1457 321 1602 392 quod
1633 321 1818 387 irriteS,
1851 335 1906 374 et
1939 340 2088 390 argu-

257 420 497 458 mentum
548 407 655 459 odii
705 407 989 476 praebente
1027 409 1215 460 vicinia
1253 409 1447 460 vicinos
1485 407 1737 459 scelerum
1775 406 2086 476 subrogare!

257 491 424 562 Atqui
474 493 760 545 multarum
811 493 933 544 hinc
984 494 1290 546 iniuriarum
1340 493 1536 546 fluxere
1586 490 1888 563 primordia,
1941 493 2087 557 dum,

256 578 473 648 indigno
506 593 560 631 et
596 581 766 631 nescio
807 579 948 631 unde
985 580 1280 650 prodeunte
1318 580 1527 632 fastidio
1566 593 1859 632 nostrarum
1897 597 2087 643 rerum,

255 665 309 715 in
347 664 748 717 admirationem
790 666 1022 735 rapimur
1054 680 1402 731 externarum,
1436 680 1489 718 et
1525 665 1835 736 iampridem
1873 683 2087 717 consue-

163 775 233 802 100
257 750 440 802 tudine
492 753 736 821 pestifera
791 751 1028 803 Italicam
1082 752 1241 804 fidem
1295 752 1589 805 barbaricae
1643 751 1891 822 perfidiae
1943 763 2089 820 post-

254 837 519 890 habemus.
599 838 772 890 Insani
814 839 905 908 qui
945 839 1001 890 in
1042 839 1306 891 venalibus
1348 840 1530 891 animis
1572 838 1731 890 fidem
1774 837 2088 907 quaerimus,

230 942 412 992 'quam
445 924 499 975 in
533 925 752 994 propriis
787 924 1033 976 fratribus
1067 924 1410 995 desperamus.
1481 925 1602 984 Quo
1636 925 1884 976 effectum
1918 935 1995 974 est
2028 935 2090 974 ut

255 1010 364 1061 iure
399 1012 603 1080 optimo
637 1012 692 1062 in
728 1011 815 1062 has
852 1010 1168 1063 calamitates
1204 1011 1555 1076 inciderimus,
1592 1030 1715 1080 quas
1750 1029 1862 1062 sero
1896 1010 2000 1061 iam
2035 1021 2090 1060 et

253 1096 586 1149 inefficaciter
625 1097 990 1150 lamentamur.
1066 1098 1349 1168 Postquam
1390 1098 1544 1167 Alpes
1586 1111 1640 1149 et
1680 1098 1856 1161 maria,
1898 1094 2093 1166 quibus
2144 1099 2150 1104 ’

161 1204 228 1244 105
252 1170 342 1234 nos
389 1183 660 1235 moenibus
708 1197 894 1236 natura
938 1184 1234 1248 vallaverat,
1282 1197 1335 1235 et
1381 1183 1676 1235 interiectas
1723 1182 2088 1251 obseratasque

252 1268 429 1321 divino
479 1289 696 1322 munere
745 1270 1088 1323 claustrorum
1139 1270 1324 1335 valvas,
1374 1269 1565 1334 livoris,
1617 1269 1860 1321 avaritiae
1907 1286 2087 1337 super-

253 1355 472 1426 biaeque
508 1356 735 1409 clavibus
775 1357 1073 1427 aperiendas
1113 1357 1352 1409 duximus
1392 1356 1652 1426 Cymbris,
1690 1355 1916 1419 Hunnis,
1953 1355 2085 1405 Pan-

252 1443 435 1507 noniis3
475 1442 657 1507 Gallis,
696 1442 972 1509 Teutonis,
1010 1444 1270 1515 fiispanis.
1313 1485 1324 1495 .
1367 1485 1378 1495 .
1422 1485 1433 1494 .
1473 1442 1577 1512 [He
1613 1442 1828 1493 reminds
1861 1438 2088 1492 Dandalo

256 1529 365 1579 that
398 1529 579 1598 Sparta
612 1529 805 1598 refused
840 1542 884 1581 to
912 1542 1007 1599 put
1041 1543 1123 1581 out
1155 1549 1240 1581 one
1274 1530 1331 1596 of
1361 1530 1439 1581 the
1474 1531 1487 1553 ‘
1509 1548 1619 1599 eyes
1651 1529 1709 1598 qf
1735 1529 1917 1580 Greece
1938 1528 1951 1551 ’
1988 1525 2090 1578 and

158 1639 229 1666 110
256 1627 299 1666 to
324 1615 466 1667 allow
486 1615 679 1667 Athens
704 1628 747 1668 to
771 1616 826 1667 be
848 1616 1143 1687 destroyed]

214 1704 220 1712 ”
320 1702 437 1753 Hoc
482 1721 647 1754 unum
691 1703 747 1754 in
791 1703 949 1754 finem
995 1721 1167 1754 coram
1214 1702 1438 1755 duorum
1477 1702 1812 1772 ‚populorum
1869 1699 2086 1752 ducibus

252 1789 439 1840 affusus
469 1802 522 1840 et
549 1788 847 1841 lacrimosus
876 1789 1103 1840 obsecro.
1171 1789 1367 1840 Infesta
1395 1789 1631 1841 manibus
1661 1807 1801 1839 arma
1828 1787 2086 1857 proiicite,
2158 1856 2163 1863 1

253 1874 371 1927 date
426 1876 677 1940 dexteras,
732 1876 944 1927 miscete
995 1875 1185 1940 oscula,
1239 1877 1433 1927 animos
1486 1876 1684 1939 animis,
1736 1875 1887 1943 signis
1943 1874 2085 1942 signa

253 1962 569 2031 coniungite.
649 1961 731 2013 Sic
771 1963 1132 2032 navigantibus
1172 1964 1408 2017 Oceanus
1449 1977 1502 2015 et
1538 1963 1727 2014 Euxini
1766 1961 1916 2013 maris
1955 1961 2085 2012 ostia

157 2072 226 2113 115
251 2049 528 2119 patebunt,
563 2049 839 2119 nullusque
870 2069 1051 2119 regum
1085 2064 1176 2102 aut
1209 2050 1526 2120 populorum
1560 2049 1655 2100 nisi
1687 2046 2083 2101 venerabundus

251 2150 505 2187 occurret.
566 2134 648 2187 Sic
671 2155 759 2187 vos
784 2135 964 2202 Indus,
988 2137 1057 2187 sic
1083 2137 1361 2189 Britannus
1385 2136 1744 2205 Aethiopsque
1766 2146 2081 2204 permetuet.

252 2222 334 2274 Sic
371 2221 759 2292 Taprobanem,
797 2222 867 2273 sic
906 2223 1217 2275 Fortunatas
1256 2222 1451 2275 Insulas
1488 2224 1843 2290 famosamque
1877 2219 1968 2272 sed
2003 2221 2084 2272 in-

251 2309 515 2377 cognitam
552 2308 767 2360 Thulen
806 2322 859 2359 et
895 2327 1106 2360 omnem
1144 2309 1438 2361 Australem
1485 2322 1644 2378 atque
1688 2306 2084 2376 Hyperboream

250 2394 455 2464 plagam
494 2413 699 2446 securus
739 2408 908 2447 vester
947 2409 1106 2446 nauta
1147 2395 1456 2459 transsiliet3
1517 2394 1675 2446 modo
1714 2394 1938 2446 invicem
1979 2393 2084 2445 tuti

160 2508 231 2536 120
246 2481 375 2553 sitis,
414 2480 486 2532 nil
523 2480 730 2532 aliunde
770 2481 1141 2551 trepidandum
1166 2495 1292 2553 vest„
1354 2467 1726 2546 Valesdii’c'u‘m
1759 2474 2129 2532 ac‘iiiroru'rfs‘

250 2568 467 2637 optime.
530 2567 727 2633 Patavi,
754 2587 837 2621 xv.
871 2568 1129 2622 Kalendas
1156 2569 1363 2639 Aprilis,
1398 2582 1540 2635 1351.

253 2771 456 2830 Carolo
477 2772 595 2845 IV,
617 2773 872 2852 Augusto
893 2774 1241 2854 Imperatori
1262 2774 1653 2834 Romanorum.
1711 2773 1874 2833 Fam.
1899 2773 2000 2832 xii.
2030 2791 2080 2832 1.

380 2894 523 2946 LIM
570 2895 685 2960 tibi,
730 2896 967 2965 princeps
1011 2897 1222 2966 inclyte,
1268 2896 1411 2967 quod
1453 2898 1620 2948 famae
1665 2911 1785 2949 tuae
1826 2895 2084 2966 salutique

381 2980 619 3050 publicae
646 2982 922 3034 convenire
947 2982 1114 3034 visum
1141 2997 1234 3048 est,
1261 2983 1435 3053 scripsi
1462 2983 1813 3036 familiaritate
1838 2982 2081 3054 quadam,

254 3085 361 3118 non
388 3080 497 3118 tam
525 3066 589 3118 de
615 3067 823 3136 ingenio
844 3086 962 3120 meo
988 3087 1145 3138 quam
1174 3069 1238 3121 de
1263 3069 1492 3121 moribus
1520 3070 1620 3121 tuis
1646 3084 1854 3140 sumpta
1874 3069 2080 3122 fiducia.

254 3151 462 3204 Deinde
506 3166 683 3205 autem
728 3172 934 3205 mecum
979 3153 1087 3223 ipse
1131 3168 1375 3225 reputans
1420 3154 1750 3208 difficultates
1794 3154 1983 3208 multas
2027 3169 2082 3208 et

205 3254 228 3296 5
252 3239 410 3292 varias
456 3239 820 3292 communibus
863 3240 995 3293 votis
1041 3241 1319 3311 oppositaS,
1365 3242 1587 3310 imperio
1602 3243 1884 3318 “i-ortunae,
1929 3260 2080 3311 quae,
