2242 3600
633 152 1051 254 ANDREAE
1111 195 1557 254 DANDvLo
1941 171 2003 267 73'

141 338 225 406 yut
266 329 489 382 alterum
531 351 558 383 e
599 331 802 384 duobus
845 331 1029 383 Italiae
1068 330 1354 383 luminibus
1395 331 1775 399 exstinguatur,
1818 327 2004 380 obscu-
2027 340 2077 379 60

134 410 312 479 iretur
350 417 623 471 alterum?
698 419 783 470 De
829 432 980 471 tanto
1030 418 1171 469 enim
1224 418 1375 470 hoste
1425 418 1757 469 incruentam
1802 432 2007 484 sperare

163 502 455 570 victoriam,
478 504 598 557 vide
622 524 687 556 ne
710 524 817 556 non
842 518 951 556 tam
974 523 1251 573 generosae
1273 503 1511 569 fiduciae,
1537 520 1697 574 quam
1719 499 2007 553 incuriosae

164 587 460 643 dementiae
491 591 697 660 signum
728 591 812 643 sit.
847 632 858 643 .
894 632 906 643 .
941 633 953 643 .
985 590 1090 660 [He
1126 591 1330 660 appeals
1366 603 1410 643 to
1443 590 1522 642 the
1554 589 1766 664 Ganoese
1795 606 1851 639 as
1878 585 2005 651 well,

134 675 340 753 ¹though
382 678 461 730 his
497 679 642 730 letter
680 679 725 730 is
763 678 1025 730 addressed
1065 690 1108 729 to
1148 697 1179 728 a
1223 678 1271 729 V
1271 675 1512 748 enetian]
1586 676 1671 727 De
1705 672 2005 731 vulneribus

162 780 298 831 quae
346 779 615 834 parantur,
668 784 776 816 non
827 765 1185 817 Numantinus
1238 778 1330 816 aut
1379 764 1600 828 Poenus,
1650 762 1742 815 sed
1792 760 2005 813 Italicus
2027 770 2075 820 65

160 851 363 919 sanguis
396 851 545 918 fluet,
574 866 628 904 et
660 870 860 917 eorum,
895 852 1005 922 qui,
1032 852 1074 903 si
1106 870 1210 921 qua
1243 851 1518 921 repentina
1545 850 1622 902 »vis
1656 850 1884 918 ingruat,
1914 861 2006 899 aut

159 936 201 987 si
233 955 337 1006 qua
371 938 645 1004 barbaries,
674 938 819 1009 quod
850 938 1121 990 interdum
1151 937 1242 990 sed
1274 955 1546 1007 nunquam
1577 936 1733 1006 gratis
1767 954 1886 987 ausa
1917 935 2004 999 sit,

161 1022 286 1075 fines
317 1038 518 1077 nostros
536 1026 826 1095 irrumpat,
858 1025 1015 1095 primi
1044 1024 1315 1077 vobiscum
1345 1043 1485 1075 arma
1515 1042 1612 1093 pro
1642 1021 2005 1074 communium

159 1109 492 1163 fortunarum
521 1111 821 1164 defensione
855 1111 1154 1181 suscipient,
1183 1111 1275 1181 qui
1310 1110 1465 1162 simul
1490 1123 1704 1180 pectora
1729 1128 1820 1160 sua
1845 1107 2006 1159 morti
2063 1147 2065 1150 -

160 1209 319 1266 atque
369 1198 643 1251 hostilibus
696 1198 810 1251 telis
861 1190 1147 1263 obiicient,¹
1176 1198 1267 1268 qui
1319 1211 1372 1249 et
1422 1197 1602 1249 vestris
1655 1209 1902 1265 tegentur
1951 1208 2005 1246 et
2028 1216 2075 1255 70

159 1302 247 1334 vos
299 1284 473 1355 clipeis
525 1299 579 1337 et
630 1285 932 1356 corporibus
990 1286 1089 1337 suis
1142 1298 1341 1353 tegent,
1393 1284 1485 1354 qui
1534 1284 1782 1353 profugos
1832 1282 2005 1333 hostes

159 1368 397 1423 classibus
458 1386 859 1442 prosequentur,
922 1372 1117 1442 pariter
1176 1371 1375 1435 vivent,
1437 1370 1633 1440 pariter
1693 1368 2003 1432 morientur,

105 1454 111 1459 '
158 1457 355 1525 pariter
393 1459 725 1528 pugnabunt,
766 1460 962 1530 pariter
1006 1457 1431 1528 triumphabunt.
1510 1456 1663 1508 Tales
1707 1456 1869 1525 igitur
1911 1455 2005 1507 hos

156 1543 291 1595 viros
334 1559 554 1615 propter
595 1545 719 1598 levis
764 1545 982 1597 forsitan
1006 1544 1305 1596 iracundiae
1346 1542 1583 1596 stimulos
1627 1542 1890 1607 invadere,
1950 1555 2005 1593 et

157 1648 479 1701 quamquam
517 1632 735 1702 impune
774 1632 930 1702 possis
971 1646 1220 1696 evertere,
1255 1630 1385 1701 quid
1419 1629 1780 1682 delectationis
1813 1628 2004 1681 habeat
2028 1652 2073 1693 75

157 1735 263 1767 non
295 1717 548 1787 intelligo.
587 1760 598 1770 .
636 1760 648 1770 .
686 1760 698 1771 .
733 1717 981 1788 [Revenge
1013 1717 1152 1786 befits
1184 1703 1544 1793 Qsssts-srather
1578 1716 1698 1768 than
1730 1701 1859 1783 meni
1923 1715 2006 1766 He

156 1803 366 1876 counsejls
391 1805 616 1857 Dandolo
653 1818 696 1857 to
731 1805 915 1857 consult
950 1805 1029 1856 the
1062 1804 1141 1856 old
1173 1803 1274 1855 and
1305 1804 1420 1855 wisa
1441 1824 1463 1864 ;
1521 1802 1712 1872 though-
1728 1821 1852 1854 some
1879 1820 2003 1867 men,

155 1889 256 1941 like
284 1891 514 1943 Dandolo
544 1892 756 1962 himseff,
778 1911 865 1944 are
893 1893 1009 1944 wise
1039 1891 1224 1961 beyond
1255 1891 1383 1943 their
1406 1909 1570 1960 years.
1634 1889 1711 1941 As
1739 1891 1892 1958 Doge,
1927 1888 2005 1940 the

157 1976 297 2046 chief
316 1978 683 2048 responsibility
698 1978 830 2048 falls
858 1992 984 2048 upon
1013 1976 1158 2047 him]

224 2063 440 2122 Quanto
468 2079 647 2117 autem
675 2085 797 2117 cum
827 2064 1023 2129 dolore,
1053 2084 1118 2116 ne
1146 2064 1276 2134 quid
1304 2064 1521 2116 omnino
1550 2063 1649 2115 tibi
1676 2062 1999 2125 subtraham,
2024 2081 2074 2118 80

155 2149 407 2202 audivisse
443 2171 528 2203 me
563 2166 714 2222 putas
752 2171 927 2204 recens
963 2151 1109 2203 vobis
1155 2170 1277 2203 cum
1313 2150 1626 2220 Aragonum
1663 2169 1782 2219 rege
1818 2147 2000 2200 foedus

154 2236 394 2290 initum?
471 2239 677 2308 Ergone
716 2239 780 2291 ab
822 2238 965 2290 Italis
1007 2237 1073 2289 ad
1113 2237 1271 2290 Italos
1312 2237 1619 2290 evertendos
1655 2236 2001 2312 barbarorum

156 2341 338 2392 regum
376 2339 667 2394 poscuntur
708 2325 939 2378 auxilia?
1015 2324 1170 2377 Vnde
1206 2324 1388 2376 infelix
1424 2343 1580 2394 opem
1619 2337 1792 2393 speret
1831 2321 1999 2385 Italia,

154 2409 194 2460 si
223 2429 411 2479 parum
442 2426 537 2477 est,
569 2412 715 2482 quod
745 2412 988 2464 certatim
1021 2431 1049 2462 a
1079 2411 1193 2462 filiis
1224 2425 1392 2463 mater
1423 2410 1640 2463 colenda
1672 2409 1999 2479 discerpitur,

155 2496 251 2547 nisi
280 2497 346 2548 ad
374 2497 648 2567 publicum
677 2498 1018 2568 parricidium
1048 2497 1365 2567 alienigenae
1394 2497 1730 2549 concitentur
1757 2499 1773 2547 ἓ
1842 2494 2001 2545 Dicet
2024 2505 2072 2555 85

155 2583 354 2653 aliquis,
388 2584 530 2636 idern
564 2585 686 2643 mali
718 2605 878 2655 genus
912 2585 1053 2655 prius
1089 2584 1151 2636 ab
1185 2584 1335 2636 hoste
1370 2597 1654 2636 tentatum.
1726 2583 1839 2634 Iam
1875 2581 2000 2647 dixi,

123 2671 252 2722 ‘etsi
303 2690 469 2723 unum
521 2672 774 2743 alloquor,
828 2687 1117 2742 utrumque
1168 2671 1438 2741 redarguO.
1527 2671 1744 2730 Quanto
1796 2669 1999 2739 dignius

154 2758 327 2809 fuerat
372 2758 566 2810 irarum
614 2759 816 2811 detersa
861 2759 1118 2828 rubigine,
1166 2778 1194 2810 a
1239 2778 1342 2830 qua
1389 2778 1497 2811 non
1542 2757 1694 2810 ullius
1741 2757 2000 2809 amicitiae

154 2844 438 2909 sinceritaS,
474 2864 581 2897 non
613 2848 871 2898 fraternus
907 2864 1069 2910 amor,
1105 2865 1212 2897 non
1244 2864 1486 2915 suprema
1521 2844 1736 2896 demum
1771 2844 1998 2913 parentis

155 2952 213 2984 ac
245 2945 491 2983 natorum
522 2932 686 3002 pietas
717 2952 923 3002 prorsus
954 2933 1201 2985 immunis
1233 2947 1327 2998 est,
1358 2933 1587 2984 Venetos
1619 2950 1741 2983 cum
1773 2931 1998 2982 Ianuen-
2023 2954 2072 2992 90

153 3011 291 3072 sibus
319 3039 486 3071 unum
514 3019 642 3084 fieri,
672 3039 831 3090 quam
858 3021 1146 3071 formosum
1174 3040 1359 3090 corpus
1388 3020 1571 3072 Italiae
1596 3019 1826 3083 lacerari,
1853 3018 1997 3071 vobis

154 3106 577 3171 occidentalium,
615 3107 712 3159 illis
748 3122 810 3160 ut
848 3106 1004 3159 audio
1042 3106 1245 3159 dextras
1281 3107 1616 3160 orientalium
1655 3121 1998 3176 tyrannorum

152 3193 208 3244 in
247 3206 452 3263 partem
504 3194 690 3245 furoris
736 3193 1156 3264 implorantibus.
1252 3193 1302 3246 O
1343 3194 1522 3246 ferales
1564 3207 1619 3246 et
1658 3211 1996 3263 supervacuas

153 3279 411 3332 cautelas!
504 3280 554 3332 O
608 3280 1004 3333 malevolentiae
1069 3299 1230 3349 genus
1299 3281 1569 3346 ultimum,
1627 3280 1772 3350 quod
1838 3298 1997 3331 manu
