2242 3600
825 174 1155 227 AMICIS
1213 175 1389 228 SVIS
1533 164 1536 167 v
1963 180 2023 233 61

172 301 378 373 eripiat,
407 302 750 356 arbitrantur.
816 303 962 364 Quid
990 303 1272 358 maioribus
1302 305 1501 371 insist0,
1531 324 1653 359 cum
1682 305 2026 361 minimorum

171 389 467 459 indignatio
500 409 607 442 non
640 389 773 443 desit
803 394 821 444 ?
892 390 1091 443 Sartori
1121 391 1395 463 sutorique
1427 411 1546 445 meo
1577 393 1888 464 persuadere
1920 414 2028 448 non
2054 419 2100 460 23

172 494 383 547 possum
408 476 522 529 ullis
547 477 746 530 artibus
771 495 856 528 me
877 476 1129 529 laxiorem
1153 491 1352 531 vestem
1377 492 1430 531 et
1455 479 1687 533 calceum
1712 478 1844 533 velle
1868 500 2030 552 quam

171 562 328 615 soleo·
406 563 604 617 Putant
646 583 731 616 me
770 563 968 632 fingere
1008 563 1295 617 modestiae
1336 585 1561 631 causam,
1602 580 1656 618 et
1697 585 1819 620 cum
1861 554 2029 621 niulta

172 649 546 721 promiserunt,
565 670 672 703 non
694 636 1111 735 petitionaessneae
1132 650 1222 703 sed
1242 651 1481 723 opinioni
1501 671 1622 706 suae
1643 653 2028 726 obsequuntur.

114 790 131 808 Γ
155 736 327 807 Τ,μὸἰε
365 737 469 790 iam
507 757 649 791 senes
689 737 1084 791 adolescentum
1123 738 1269 792 malis
1308 741 1637 810 premimur3
1695 743 2031 815 versantique

141 818 350 878 'animo
390 824 520 896 quid
557 824 644 877 hic
682 823 903 877 remedii
941 843 1046 877 esse
1085 825 1266 897 possit,
1306 847 1410 881 una
1450 841 1663 882 tantum
1703 829 1770 883 ad
1807 829 2030 883 salutem
2052 850 2102 888 30

172 911 472 965 ostenditur
510 912 610 966 via.
694 910 890 983 Aliquo
937 925 1196 965 terrarum
1244 914 1524 984 fugiamus,
1573 915 1666 968 ubi
1714 935 1806 969 nos
1853 936 2031 970 sanam

173 1013 410 1052 mentem
437 998 671 1052 attulisse
699 1018 807 1052 non
833 998 900 1051 sit
927 998 1252 1066 incredibile,
1281 1001 1374 1065 ubi
1400 1002 1654 1073 possimus
1682 1004 1899 1058 tandem
1926 1024 2051 1060 esse.

170 1087 321 1167 quod
365 1105 560 1163 sumuS,
608 1104 704 1155 nec
749 1105 1000 1156 cogamur
1045 1105 1153 1147 esse
1195 1088 1341 1159 quod
1386 1088 1599 1147 fuimus,
1683 1090 1847 1161 Saepe
1891 1090 2031 1144 fessis

174 1188 384 1227 motum
414 1161 551 1226 latus
582 1185 636 1225 et
668 1186 905 1226 mutatus
937 1191 1023 1227 aer
1054 1173 1216 1244 aegris
1247 1175 1468 1245 profuit.
1536 1176 1918 1230 Mansuescunt
1949 1197 2030 1231 ar-

175 1262 323 1314 bores
361 1260 546 1313 insitae
584 1273 638 1312 et
678 1259 926 1313 translata
964 1260 1141 1314 holera
1179 1261 1568 1315 convalescunt.
1644 1263 1804 1323 Quod
1842 1264 1908 1318 ad
1947 1284 2032 1317 me
2054 1286 2102 1327 35

98 1413 104 1419 ,
174 1348 389 1413 attinet,
432 1347 605 1412 amici,
648 1346 703 1399 id
745 1345 877 1398 mihi
919 1366 1061 1400 nunc
1103 1348 1158 1400 in
1200 1348 1377 1402 animo
1420 1363 1514 1403 est.
1594 1350 1846 1411 Quamvis
1889 1352 2031 1405 enim

175 1449 359 1488 contra
388 1434 682 1488 multorum
710 1433 1028 1487 sententiam
1056 1434 1141 1500 sit,
1170 1435 1339 1488 sentio
1366 1455 1518 1507 saepe
1546 1436 1669 1490 alibi
1698 1438 2033 1510 tranquillius

174 1537 503 1576 senectutem
554 1521 636 1591 agi
688 1540 847 1593 quam
889 1521 982 1574 ubi
1022 1521 1371 1576 adolescentia
1416 1538 1531 1577 acta
1577 1539 1671 1578 est.
1750 1525 2029 1592 Avinione,

177 1630 270 1665 vn.
303 1610 565 1664 Kalendas
594 1608 842 1662 Octobris
868 1608 1023 1678 [1351
1057 1608 1117 1680 ?].

209 1823 466 1887 Ge‘rardo
480 1823 679 1903 fratri
709 1843 803 1882 suo
837 1821 915 1881 M
917 1821 1126 1883 onacho
1162 1821 1572 1884 Carthusiam.
1648 1823 1814 1884 Fam.
1851 1847 1906 1885 x.
1945 1842 1998 1904 3.

267 1958 445 2013 VBIT
471 1956 726 2021 animum,
751 1956 868 2009 luce
893 1956 1023 2009 mihi
1052 1956 1216 2010 carior
1247 1976 1511 2027 germane,
1536 1957 1790 2028 longaevo
1823 1958 2033 2012 silentio

267 2028 428 2099 fine⁰m
479 2064 711 2116 ponere3
770 2044 916 2115 quod
965 2044 1006 2095 si
1056 2045 1229 2097 forsan
1277 2044 1516 2098 obliviosi
1563 2045 1726 2098 animi
1774 2045 2032 2099 indicium

175 2133 442 2188 arbitraris
491 2131 698 2185 falleris,
772 2131 898 2183 Non
936 2131 1078 2202 prius
1117 2145 1171 2184 te
1209 2151 1368 2203 quam
1407 2151 1492 2184 me
1529 2132 1701 2204 ipsum
1739 2132 2031 2187 obliviscar.

174 2221 360 2275 Timui
386 2222 638 2274 hactenus
668 2218 897 2271 tirocinii
926 2218 1006 2271 tui
1034 2218 1270 2289 quietem
1297 2218 1685 2290 interrumpere
1708 2241 1721 2286 ;
1769 2221 1951 2290 fugere
1979 2234 2033 2273 te

174 2308 478 2380 strepitum,
511 2325 684 2361 amare
717 2306 986 2359 silentium
1019 2305 1264 2372 sciebam,
1299 2325 1384 2358 me
1416 2326 1559 2371 ver0,
1592 2307 1633 2358 si
1684 2306 1844 2359 semel
1901 2295 2032 2360 inci·
2056 2326 2079 2367 5

176 2415 374 2469 perem,
394 2395 537 2448 haud
557 2394 708 2447 facile
729 2393 1059 2459 desiturum;
1100 2393 1138 2445 is
1159 2412 1305 2446 amor
1325 2393 1406 2446 tui
1426 2407 1522 2459 est,
1544 2413 1601 2447 ea
1621 2412 1797 2447 rerum
1819 2408 2033 2448 tuarum

176 2482 473 2537 admiratio,
536 2482 579 2534 E
606 2481 811 2534 duobus
838 2480 1000 2550 igitur
1027 2479 1271 2533 extremis
1299 2499 1406 2533 non
1434 2480 1651 2552 quidem
1679 2480 1811 2533 mihi
1835 2481 2033 2551 gratius

173 2562 266 2622 sed
303 2569 404 2633 tibi
441 2567 773 2640 tranquillius
812 2566 1086 2637 eligebam.
1159 2567 1339 2633 Nunc,
1378 2581 1439 2620 ut
1477 2586 1662 2621 verum
1700 2569 1886 2634 fatear,
1925 2588 2033 2621 non

176 2671 287 2710 tam
321 2655 421 2708 tibi
454 2674 614 2727 quam
648 2654 779 2707 mihi
812 2653 1144 2707 consulturus
1176 2654 1244 2708 ad
1274 2654 1612 2709 scribendum
1645 2655 1817 2710 venio,
1887 2656 2034 2716 Quid

176 2744 319 2797 enim
368 2757 428 2797 tu
472 2741 814 2796 sermunculis
859 2740 985 2793 meis
1027 2760 1160 2811 egeS,
1207 2741 1299 2813 qui
1341 2741 1564 2794 coeleste
1611 2742 1711 2795 iter
1759 2742 2033 2812 ingressuS,
2058 2773 2104 2800 10

155 2829 419 2904 fflgelicis
442 2829 641 2883 assidue
668 2827 940 2899 colloquiis
967 2827 1208 2881 recrearis
1234 2832 1251 2882 ?
1278 2869 1290 2881 .
1315 2868 1327 2881 .
1355 2869 1367 2882 .
1388 2827 1518 2897 [P.’s
1538 2828 1705 2882 letters
1733 2848 1824 2882 can
1852 2829 2033 2899 hardly

177 2919 233 2971 be
263 2936 295 2970 a
324 2916 511 2985 danger
550 2929 595 2969 to
628 2916 707 2969 his
743 2914 979 2967 brother's
1015 2916 1254 2968 monastic
1285 2934 1432 2980 vows,
1465 2915 1598 2985 after
1627 2935 1659 2968 a
1686 2917 1950 2986 probation
1985 2917 2044 2985 of

177 3023 321 3058 seven
343 3002 534 3074 years]
603 3001 920 3066 Meministi,
948 3002 1127 3067 frater,
1157 3001 1322 3073 qualis
1357 3001 1484 3054 olim
1519 3020 1696 3056 rerum
1732 3016 2031 3055 nostrarum

177 3105 343 3144 status
366 3103 496 3155 erat,
514 3104 567 3142 et
591 3089 789 3143 animos
813 3102 1015 3140 nostros
1039 3107 1198 3159 quam
1219 3088 1472 3146 laboriosa
1497 3089 1721 3163 dulcedo
1743 3103 1797 3142 et
1822 3089 2032 3160 quantis

178 3177 617 3244 amaritudinibus
672 3195 945 3247 conspersa
1001 3176 1323 3246 torquebat3
1400 3178 1711 3241 meministi,
1762 3190 1914 3247 put0,
1970 3190 2031 3229 ut
2056 3200 2100 3241 ¹5

179 3244 320 3317 nunc
350 3278 402 3316 et
430 3263 666 3317 libertati
695 3277 817 3316 tuae
845 3261 1169 3331 congaudeas
1198 3277 1251 3315 et
1280 3264 1542 3316 fraternae
1570 3263 1844 3316 condoleas
1872 3263 2030 3318 servi-
