2242 3600
667 161 1175 215 ΜΑΤΤΗΑΕΟ
1231 161 1547 214 LoNGo
1887 167 1983 231 187

208 293 294 344 De
326 310 445 343 meo
478 292 699 343 vicissim
724 305 884 355 statu,
910 292 951 343 si
983 305 1147 343 status
1177 291 1371 343 dicitur
1397 291 1628 365 assidue
1626 291 1749 356 labi,
1779 291 1844 343 de
1878 310 1985 362 quo
2006 318 2056 355 30
2103 297 2157 330 ⁸<-

893 357 1102 366 b-‘'‘⁷“
1367 360 1565 371 -Mffl—ffl*

137 380 194 430 in
228 392 378 448 parte
414 393 625 430 tuarum
668 377 966 429 litterarum
1001 391 1063 429 ut
1097 360 1376 431 scriberem
1411 358 1749 448 postulasti,
1741 377 1984 429 brevibus

139 465 331 534 accipe.
400 464 527 516 Sum
559 465 735 516 animo
763 483 858 533 per
895 463 1093 515 Christi
1122 464 1345 532 gratiam
1384 465 1567 534 quieto
1597 464 1720 516 satis
1750 482 1808 515 ac
1843 477 1985 515 tran-

139 550 306 621 quillo
339 564 392 602 et
426 549 756 614 iuvenilibus,
793 549 888 601 nisi
921 549 1091 614 fallor,
1125 549 1331 619 pridem
1366 549 1686 620 passionibus
1721 548 1986 620 expedit0,

140 651 481 707 contemptor
510 655 725 705 magnus
755 635 1012 700 omnium,
1043 655 1178 705 quae
1218 637 1439 689 miratur
1476 637 1769 689 humanum
1807 654 1988 704 genus,

139 722 465 775 familiariter
504 737 698 787 tecum,
733 722 824 774 sed
860 723 917 773 in
956 722 1172 774 domino
1209 723 1418 791 glorior,
1460 724 1583 795 quia
1611 723 1819 776 licitum
1859 721 1989 773 mihi
2010 751 2059 790 35

141 829 307 880 spero,
386 810 622 879 Corpore
668 809 759 861 diu
808 828 957 861 sanus
998 811 1219 874 fueram,
1261 810 1360 862 hoc
1403 810 1617 862 biennio
1655 810 1893 861 infirmus
1935 821 1990 860 et

139 917 292 967 saepe
317 916 414 967 pro
436 910 648 948 mortuo
673 895 900 960 habitus,
922 896 1043 948 vivo
1071 910 1248 948 tamen
1274 896 1464 961 adhuc,
1492 894 1991 966 quantuluscunque

138 985 237 1036 sim
275 997 396 1035 tuus
432 998 494 1035 ut
529 984 704 1046 sole03
756 983 812 1033 in
845 982 996 1034 rebus
1030 982 1138 1035 aliis
1170 1002 1336 1053 paene
1371 983 1615 1035 omnibus
1646 982 1717 1035 sic
1750 996 1827 1034 est
1860 980 1991 1032 mihi

143 1084 206 1122 ut
245 1084 356 1121 erat
394 1069 609 1139 quando
647 1068 899 1121 ultimum
937 1087 1022 1121 me
1059 1068 1254 1134 vidisti,
1289 1089 1351 1121 ex
1389 1088 1496 1139 quo
1532 1069 1574 1121 si
1612 1069 1712 1120 rite
1751 1086 1990 1131 numero,

143 1157 229 1208 hic
268 1155 1105 1228 QuartusftstfflsssriQUSzffaUKlP}
1139 1170 1234 1220 est,
1277 1170 1484 1225 tempus
1525 1156 1664 1208 vitae
1702 1174 1884 1224 prope,
1926 1173 1991 1205 ne
2011 1173 2064 1211 40

145 1227 315 1294 dicam
338 1242 618 1307 absentiae,
638 1233 858 1311 longum
878 1243 1015 1294 satis.
1073 1242 1230 1294 Potui
1253 1242 1499 1312 equidem
1523 1242 1675 1311 altius
1698 1240 2007 1312 ascenderet

103 1349 224 1420 st—
140 1329 232 1382 sed
266 1329 445 1399 nolui·
422 1370 446 1397 ,
501 1329 669 1380 omnis
703 1329 833 1381 mihi
870 1315 1099 1381 altitudo
1134 1342 1374 1399 suspecta
1408 1343 1501 1380 est.
1568 1328 1747 1397 Mansi
1780 1347 1903 1396 ergo
1935 1327 1991 1379 in

102 1395 447 1494 {humilitate
498 1434 630 1486 mea,
671 1414 728 1466 id
778 1415 957 1467 utilius
996 1415 1210 1467 credens
1257 1429 1418 1485 atque
1467 1414 1766 1479 iucundius,
1819 1428 1874 1466 et
1925 1413 1990 1465 ad

107 1498 113 1579 ξ
141 1520 402 1554 summam
433 1501 574 1554 nulla
603 1519 658 1554 re
692 1503 858 1554 ferme
894 1503 1096 1554 auctior
1130 1521 1246 1554 sum
1276 1521 1436 1572 quam
1472 1502 1568 1566 fui,
1599 1501 1694 1553 nisi
1733 1515 1815 1553 tot
1845 1501 1990 1552 annis

109 1602 200 1643 et
230 1588 432 1658 aliquot
452 1587 659 1658 libellis,
678 1588 886 1640 mallem
915 1589 1131 1641 scientia
1159 1608 1217 1640 ac
1246 1589 1462 1653 virtute,
1492 1587 1634 1640 nulla
1659 1607 1714 1639 re
1740 1587 1991 1638 imminu·
2014 1603 2063 1644 45

116 1676 268 1740 {tior‚
318 1675 414 1726 nisi
462 1673 764 1731 valetudine
810 1694 1056 1746 prospera
1104 1690 1157 1727 et
1205 1675 1400 1740 amicis,
1449 1694 1579 1744 quos
1629 1674 1759 1725 mihi
1806 1692 1992 1743 quam-

111 1735 397 1833 {plurimos
428 1761 603 1831 paucis
643 1762 788 1814 annis
829 1762 958 1814 dura
990 1781 1126 1814 mors
1158 1762 1334 1831 rapuit
1372 1761 1793 1831 patientiamque
1823 1778 1995 1811 meam

118 1849 485 1913 &vehementer
510 1849 759 1901 exercuit.

215 1934 557 2005 Aliquamdiu
608 1935 842 1988 Venetiis
894 1955 1061 1988 moras
1115 1935 1265 2000 traxi,
1318 1954 1458 1987 nunc
1517 1953 1634 1986 sum
1691 1933 1890 1986 Patavii
1940 1933 1997 1984 in

149 2021 361 2074 ecclesia
399 2020 641 2074 residens,
730 2022 877 2074 Fecit
917 2022 1060 2074 Deus
1100 2022 1262 2074 inscio
1302 2040 1403 2086 me,
1442 2035 1503 2073 ut
1544 2021 1858 2091 tempestive
1902 2019 1994 2071 ad-
2018 2038 2069 2080 50

150 2108 371 2161 modum
413 2108 538 2160 inde
580 2108 918 2174 discederem,
951 2109 1182 2161 instante
1226 2109 1365 2160 inter
1406 2108 1494 2159 has
1538 2107 1690 2159 urbes
1736 2107 1836 2159 hoc
1877 2125 1994 2176 gra-

148 2196 357 2249 vissimo
395 2195 541 2266 quod
581 2215 723 2248 nunc
762 2197 925 2249 saevit
961 2196 1118 2271 ..b—ella
1204 2197 1434 2248 Futurus
1473 2195 1548 2247 ibi
1585 2208 1871 2265 suspectus,
1911 2194 1996 2246 hic

148 2301 266 2335 sum
297 2301 460 2335 carus.
540 2283 761 2352 Magnas
796 2298 974 2336 tamen
1013 2298 1184 2354 partes
1227 2297 1529 2352 temporum
1568 2283 1676 2334 ruri
1708 2301 1822 2350 ag0,
1856 2299 1996 2333 nunc

151 2370 312 2422 etiam
369 2384 431 2422 ut
491 2389 697 2440 semper
751 2370 1046 2423 solitudinis
1113 2384 1366 2440 appetens
1424 2383 1477 2421 et
1534 2369 1741 2438 quietis.
1833 2368 1997 2437 Lego,

149 2456 337 2521 scribo,
375 2457 568 2525 cogito,
606 2457 732 2509 haec
768 2458 895 2522 vita,
932 2458 1058 2509 haec
1097 2456 1378 2508 delectatio
1415 2475 1530 2507 mea
1567 2469 1660 2520 est,
1699 2474 1833 2525 quae
1870 2454 1999 2506 mihi
2022 2476 2072 2517 55

149 2561 354 2612 semper
382 2543 447 2594 ab
476 2542 821 2595 adolescentia
850 2563 964 2595 mea
991 2543 1112 2595 fuit.
1177 2543 1383 2594 Mirum
1412 2557 1521 2594 tam
1548 2542 1657 2610 iugi
1683 2540 1861 2593 studio
1890 2555 2000 2593 tam

147 2648 319 2713 ganea
364 2643 515 2680 tanto
557 2629 613 2681 in
658 2644 897 2699 tempore
941 2629 1193 2681 didicisse.
1273 2629 1359 2680 De
1402 2627 1604 2698 reliquo
1647 2642 1826 2680 autem
1871 2626 2000 2679 nulli

154 2714 433 2766 hominum
482 2714 710 2780 invideo,
752 2715 957 2767 nullum
1006 2715 1112 2780 odi,
1163 2729 1236 2782 et,
1262 2714 1423 2800 [quod
1470 2729 1594 2807 ante
1642 2714 2000 2784 longissimum

156 2815 364 2870 tempus
425 2802 622 2871 scripsi,
676 2801 882 2853 nullum
952 2803 1183 2872 despicio
1252 2803 1349 2855 nisi
1419 2821 1558 2868 me,
1554 2839 1558 2876 ‚²
1579 2821 1742 2854 nunc
1805 2801 2000 2854 multos

158 2888 403 2958 despiciO,
438 2889 670 2958 primum
704 2907 803 2941 me.
882 2888 1007 2941 Fuit
1044 2889 1207 2958 igitur
1245 2889 1414 2959 prima
1453 2902 1590 2941 aetas
1630 2887 1760 2939 mihi
1793 2902 2002 2940 tumore
2023 2902 2076 2941 60

157 2989 319 3044 atque
354 2994 526 3027 errore
560 2974 775 3027 iuvenili
811 2976 1169 3045 contemptrix
1209 2976 1448 3028 omnium
1483 2989 1690 3046 praeter
1722 2995 1792 3040 se,
1830 2973 2002 3026 media

158 3075 337 3113 autem
388 3061 644 3130 gravitate
694 3060 831 3113 virili
881 3062 960 3113 sui
1010 3061 1163 3114 solius
1215 3060 1591 3132 contemptrix,
1636 3062 1762 3113 haec
1815 3059 2002 3112 ultima

157 3147 405 3200 libertate
439 3136 603 3213 senili,
637 3162 691 3200 et
716 3148 794 3200 sui
823 3146 979 3218 ipsius
1006 3162 1130 3200 ante
1160 3147 1301 3214 alios,
1334 3163 1388 3200 et
1420 3166 1585 3218 paene
1616 3147 1872 3212 omniurn,
1908 3146 2003 3198 nisi

159 3253 288 3304 quos
323 3234 486 3287 virtus
522 3234 657 3287 clara
691 3235 1025 3305 contemptui
1061 3235 1261 3301 eximit,
1298 3254 1473 3288 rarum
1507 3254 1685 3313 genus.
1756 3232 1843 3286 Ad
1876 3233 2002 3286 haec
