2242 3600
784 200 1220 255 DIONYslo
1274 200 1434 255 svo
1494 206 1500 212 ·
1965 216 2022 269 ις

173 345 266 385 aut
292 345 417 384 ante
439 331 572 384 illud
598 346 806 403 tempus
832 346 925 384 aut
950 345 1131 402 postea
1156 331 1399 384 auditum
1425 329 1567 401 apud
1592 348 1675 381 eos
1702 347 2024 399 quemquam

135 443 144 474 1
173 437 356 472 ausum
386 438 491 471 esse
517 419 719 472 similia.
784 419 930 471 Haec
958 418 1048 470 illo
1076 419 1399 471 vociferante
1427 417 1592 482 nobiS,
1623 430 1685 469 ut
1712 430 1836 467 sunt
1866 416 2028 468 animi

172 508 425 559 iuvenum
484 506 835 559 monitoribus
892 506 1167 571 increduli,
1227 506 1490 558 crescebat
1549 524 1611 556 ex
1667 502 2030 574 prohibitione

173 593 471 663 cupiditas;
546 594 728 663 itaque
779 613 934 645 senex
987 592 1080 644 ubi
1134 592 1507 645 animadvertit
1559 611 1612 643 se
1666 589 2026 660 nequidquam

173 681 291 745 niti,
349 681 737 750 aliquantulum
793 700 1105 750 progressus,
1162 683 1302 734 inter
1356 700 1508 751 rupes
1564 679 1787 732 arduum
1843 677 2026 729 callem
2047 700 2094 740 45

174 766 344 836 digito
383 766 531 819 nobis
571 767 822 832 ostendit,
856 768 1025 820 multa
1064 788 1299 834 monens,
1336 769 1611 837 multaque
1649 767 1752 818 iam
1794 764 2027 833 digressis

173 874 202 907 a
229 867 378 923 tergo
404 854 745 922 ingeminans,

219 940 700 1030 Q
722 941 890 1006 illurn,
939 943 978 993 si
1026 939 2036 1017 quid.-restisffifflssffiffitsi„„CAEPQEQQ

172 1021 893 1106 impedimento-wesseest—,j'soli
940 1028 1217 1081 dumtaxat
1264 1029 1492 1081 ascensui
1539 1027 1877 1095 accingimur,
1924 1025 2027 1077 ala-

142 1099 390 1184 “c‘fe‘s‘que
429 1102 843 1167 conscendimus,
924 1114 1043 1179 Sed,
1087 1130 1148 1167 ut
1190 1117 1299 1167 fere
1340 1116 1418 1180 fit,
1462 1115 1733 1183 ingentem
1776 1126 2027 1164 conatum
2050 1137 2099 1178 50

172 1201 324 1253 velox
355 1201 598 1270 fatigatio
635 1201 988 1271 subsequitur.
1058 1203 1184 1253 Non
1215 1202 1399 1271 procul
1437 1200 1561 1252 inde
1598 1201 1762 1269 igitur
1798 1198 2025 1269 quadam

173 1289 230 1340 in
273 1306 406 1356 rupe
448 1287 810 1353 subsistimus3
875 1288 1000 1339 inde
1042 1289 1236 1340 iterum
1283 1287 1492 1357 digressi
1536 1286 1894 1356 provehimur,
1939 1285 2029 1337 sed

171 1374 383 1440 lentius,
420 1388 474 1426 et
510 1375 815 1444 praesertim
862 1394 958 1443 ego
1003 1389 1317 1427 montanum
1360 1375 1462 1427 iter
1496 1393 1669 1443 gressu
1705 1373 1808 1424 iam
1845 1371 2028 1424 mode-

174 1461 334 1513 stiore
364 1460 672 1530 carpebam3
716 1476 770 1513 et
800 1462 963 1513 frater
992 1461 1382 1531 compendiaria
1412 1460 1627 1530 quidem
1649 1460 1732 1512 via
1752 1478 1845 1529 per
1871 1459 2029 1528 ipsius
2104 1448 2109 1454 ¹

110 1545 116 1551 ’
172 1549 294 1616 iuga
318 1549 512 1599 montis
538 1547 604 1599 ad
629 1548 814 1599 altiora
841 1548 1111 1612 tendebat,
1139 1567 1235 1616 ego
1261 1547 1468 1598 mollior
1492 1547 1558 1598 ad
1582 1548 1687 1598 ima
1710 1545 1990 1615 vergebam
2013 1568 2027 1610 ;
2050 1576 2097 1616 55

173 1635 549 1704 revocantique
588 1649 642 1686 et
682 1635 783 1686 iter
822 1636 1013 1687 rectius
1053 1635 1346 1703 designanti
1395 1633 1776 1706 respondebam
1824 1651 2030 1702 sperare

173 1739 260 1772 me
301 1721 510 1773 alterius
552 1721 725 1773 lateris
769 1722 1055 1773 faciliorem
1098 1721 1303 1773 aditum
1348 1740 1442 1772 nec
1484 1721 1696 1771 horrere
1736 1720 2027 1788 longiorem

174 1809 333 1873 viam,
383 1828 476 1878 per
535 1828 695 1879 quam
756 1810 959 1878 planius
1021 1808 1335 1860 incederem.
1433 1808 1586 1859 Hanc
1638 1807 2026 1859 excusationem

172 1896 407 1969 ignaxsiae
453 1896 883 1965 praetendebam,
932 1897 1146 1966 aliisque
1191 1896 1294 1947 iam
1343 1895 1538 1947 excelsa
1585 1894 1888 1946 tenentibus
1935 1913 2029 1964 per

171 1982 325 2034 valles
356 1982 608 2047 errabam,
640 2002 760 2035 cum
791 1983 955 2035 nihilo
983 1984 1164 2034 mitior
1192 1982 1403 2034 aliunde
1430 1996 1636 2052 pateret
1666 2000 1909 2046 accessus,
1938 1980 2026 2032 sed
2047 1986 2098 2026 60

172 2083 226 2121 et
261 2070 343 2122 via
379 2084 630 2121 cresceret
667 2085 720 2122 et
756 2071 956 2122 inutilis
991 2071 1138 2122 labor
1171 2071 1566 2139 ingravesceret.
1640 2071 1867 2134 Interea,
1905 2088 2025 2121 cum

171 2156 275 2208 iam
322 2155 497 2207 taedio
542 2159 846 2214 confectum
893 2157 1125 2226 perplexi
1171 2158 1373 2226 pigeret
1419 2158 1620 2222 erroris,
1667 2158 1877 2227 penitus
1923 2157 2026 2208 alta

172 2257 354 2312 petere
394 2243 659 2313 disposui3
722 2263 953 2314 cumque
990 2245 1355 2314 opperientem
1396 2247 1613 2296 fratrem
1655 2259 1708 2296 et
1747 2245 1906 2314 longo
1946 2264 2024 2296 re-

171 2331 375 2381 fectum
439 2330 687 2383 accubitu
750 2333 907 2383 fessus
972 2346 1025 2382 et
1090 2332 1268 2383 anxius
1332 2332 1636 2400 attigissem,
1701 2330 2025 2402 aliquamdiu

175 2417 352 2486 aequis
380 2417 610 2486 passibus
638 2418 954 2470 incessimus.
2046 2441 2096 2491 65

239 2503 473 2555 Vixdum
503 2504 688 2556 collem
718 2505 866 2556 illum
897 2505 1271 2574 reliqueramus
1306 2520 1359 2556 et
1392 2524 1513 2556 ecce
1544 2506 1728 2575 prioris
1761 2507 2023 2557 anfractus

172 2589 385 2655 Oblitus,
423 2591 617 2642 iterum
657 2591 722 2643 ad
759 2592 1005 2644 inferiora
1043 2591 1273 2657 deiicior,
1313 2606 1474 2662 atque
1510 2593 1704 2644 iterum
1743 2592 2025 2662 peragratis

171 2676 408 2741 vallibus,
439 2676 566 2728 dum
602 2679 803 2731 viarum
839 2679 1045 2748 {acilem
1080 2679 1467 2747 longitudinem
1502 2694 1689 2744 sector,
1726 2680 1780 2730 in
1814 2679 2023 2747 longam

173 2762 542 2823 difficultatem
597 2765 790 2817 incido.
876 2765 1202 2817 Differebam
1257 2784 1448 2836 nempe
1497 2765 1809 2819 ascendendi
1859 2765 2022 2817 mole-

170 2850 342 2915 stiam,
371 2850 460 2901 sed
487 2851 698 2919 ingenio
724 2852 957 2904 humano
984 2870 1158 2903 rerum
1187 2866 1374 2904 natura
1401 2872 1509 2904 non
1537 2853 1759 2918 tollitur,
1766 2871 1885 2939 Lnec
1911 2853 2023 2903 fieri
2048 2873 2096 2911 70

136 2859 158 3018 i
173 2950 367 3006 potest,
405 2950 466 2988 ut
503 2956 814 3008 corporeum
852 2937 1050 3007 aliquid
1083 2937 1147 2989 ad
1184 2938 1288 2990 alta
1328 2938 1694 2991 descendendo
1731 2939 2019 3009 perveniat.

173 3023 319 3083 Quid
379 3023 588 3077 multa?
645 3066 657 3077 .
712 3066 724 3077 .
781 3066 792 3077 .
853 3026 951 3098 [He
1020 3044 1311 3094 encourages
1372 3026 1577 3096 himself
1626 3040 1671 3078 to
1725 3026 2018 3096 persevere.]

173 3109 319 3161 Haec
346 3110 476 3161 mihi
503 3111 772 3179 cogitatio,
795 3110 1101 3162 incredibile
1128 3111 1274 3164 dictu
1303 3126 1397 3178 est,
1425 3128 1688 3183 quantum
1717 3113 1782 3164 ad
1810 3132 1867 3164 ea
1889 3132 2025 3182 quae

177 3196 443 3248 restabant
483 3211 536 3249 et
576 3198 810 3250 animum
852 3213 905 3249 et
944 3217 1131 3267 corpus
1169 3199 1406 3251 erexerit.
1482 3200 1662 3269 Atque
1701 3200 1906 3251 utinam
1942 3198 2025 3251 vel

175 3283 247 3334 sic
289 3283 464 3334 animo
503 3285 888 3359 peragamffli-ter
930 3284 1084 3359 illud,
1083 3285 1195 3355 “cui
1229 3285 1410 3337 diebus
1443 3300 1496 3338 et
1531 3285 1772 3337 noctibus
1806 3286 2022 3354 suspiro,
2049 3311 2096 3351 75
