2242 3600
300 181 706 236 IOHANNI
764 179 1268 234 COLVMNAE
1325 176 1827 232 CARDINALI
1925 193 1990 246 27

132 313 315 364 funem
365 310 629 375 solvimus,
681 323 735 361 et
786 308 872 360 die
923 322 1041 360 toto
1092 308 1274 360 iactati
1322 306 1573 360 fluctibus
1625 305 1692 357 ad
1741 305 1989 357 Mauritii

133 411 349 467 portum
394 399 482 450 vix
525 398 843 466 intempesta
887 409 1045 447 nocte
1089 396 1439 465 pervenimus.
1522 395 1715 463 Itaque
1758 406 1988 445 castrum
2014 419 2060 446 10

133 484 338 554 ingredi
401 504 509 537 non
570 485 712 549 fuit3
794 483 1043 535 litoreum
1107 483 1416 553 hospitium,
1480 481 1754 533 nauticum
1818 479 1994 531 cubile

134 573 367 637 sortituS,
416 590 632 624 coenam
679 584 741 622 ut
786 572 947 622 fames
995 569 1253 634 condiret,
1299 587 1546 622 somnum
1592 582 1654 620 ut
1698 565 1992 618 lassitudini

135 657 400 723 deberem,
434 657 509 709 ibi
541 656 802 725 indignari
837 656 989 707 altius
1024 669 1078 707 et
1110 655 1260 707 ludos
1295 655 1448 706 maris
1482 671 1775 722 agnoscere.
1846 650 1993 711 Quid

134 745 348 798 multa?
438 745 605 796 Variis
659 763 752 814 per
806 757 1019 795 noctem
1074 743 1296 795 consiliis
1351 741 1575 811 agitatis,
1631 739 1698 791 ad
1751 757 1991 791 auroram

133 832 296 885 statui
329 823 591 902 praeferre
628 844 928 882 terrestrem
971 829 1222 881 duritiem
1269 848 1557 899 aequoreae
1597 826 1841 879 servituti
1876 867 1889 878 .
1927 866 1941 878 .
1978 866 1991 877 .
2016 841 2062 882 15

134 919 240 990 [He
266 920 517 971 continues
547 918 626 970 the
652 930 857 969 account
884 917 940 986 of
957 917 1036 968 his
1049 917 1264 987 journey
1293 916 1354 985 by
1381 914 1544 985 land]

201 1006 300 1058 Per
345 1006 502 1071 Pisas,
542 1005 723 1056 relicta
771 1003 837 1055 ad
882 1004 1082 1055 laevam
1132 1002 1418 1066 Florentia,
1457 1000 1614 1053 Senas
1662 1013 1824 1070 atque
1870 998 1996 1050 inde

133 1093 406 1145 Perusium
442 1092 598 1156 veni3
655 1090 779 1143 inde
813 1090 1138 1155 Tudertum,
1176 1088 1268 1141 ubi
1304 1109 1333 1140 a
1374 1086 1843 1140 Claravallensibus
1890 1086 1993 1138 tuis

133 1199 325 1249 magno
381 1198 502 1231 cum
566 1177 759 1247 gaudio
815 1191 1080 1247 exceptus,
1137 1196 1231 1246 per
1287 1176 1541 1227 Narniam
1596 1174 1717 1244 ipsis
1773 1172 1995 1225 ducibus

134 1267 359 1319 Romam
397 1265 662 1335 ingredior
698 1280 890 1335 quarto
918 1266 1096 1316 Nonas
1132 1262 1397 1316 Octobris.
1476 1263 1546 1314 Et
1572 1262 1676 1312 iam
1706 1261 1844 1312 bona
1879 1279 1995 1330 pars
2017 1278 2067 1309 20

135 1354 303 1406 noctis
326 1367 437 1406 erat
460 1375 473 1418 ;
515 1354 591 1404 ita
611 1372 697 1403 me
716 1353 817 1404 hoc
841 1366 1081 1421 tempore
1102 1364 1425 1402 nocturnum
1447 1350 1705 1401 viatorem
1725 1346 1997 1399 festinatio

136 1460 383 1511 praeceps
413 1441 557 1493 fecit.
622 1440 807 1491 Visum
839 1454 915 1491 est
947 1453 1126 1491 tamen
1155 1437 1551 1506 magnanimum
1582 1449 1789 1512 patrem
1821 1448 1995 1499 tuum,

103 1529 439 1598 'priusquam
479 1546 565 1579 me
603 1527 772 1597 quieti
818 1525 1098 1590 traderem,
1139 1525 1375 1577 invisere.
1452 1524 1597 1595 Deus
1638 1522 1807 1576 bone!
1860 1540 1996 1592 quae

134 1615 371 1667 maiestas
421 1614 666 1678 hominis,
718 1633 854 1683 quae
903 1633 1021 1677 vox,
1072 1631 1208 1682 quae
1257 1613 1418 1675 frons,
1469 1629 1605 1680 quae
1654 1610 1827 1674 facies,
1878 1608 1995 1678 quis

134 1701 364 1767 habitus,
405 1721 540 1772 quae
578 1702 634 1752 in
672 1700 756 1752 illa
799 1714 971 1752 aetate
1009 1699 1083 1751 vis
1123 1698 1302 1763 animi,
1342 1696 1489 1768 quod
1527 1697 1757 1766 corporis
1796 1695 1994 1748 robur!
2020 1713 2067 1752 25

135 1790 334 1841 Iulium
366 1788 641 1841 Caesarem
674 1802 766 1839 aut
797 1787 1106 1839 Africanum
1138 1799 1373 1856 spectare
1403 1785 1535 1835 mihi
1566 1785 1701 1836 visus
1732 1802 1866 1848 sum,
1899 1783 1996 1836 nisi

136 1876 260 1946 quia
293 1889 523 1945 utroque
556 1874 789 1926 multum
823 1874 922 1926 iste
954 1873 1272 1941 longaevior,
1307 1884 1361 1923 et
1398 1885 1576 1922 tamen
1611 1869 1754 1922 idem
1788 1889 1997 1940 prorsus

137 1960 368 2032 aspectu,
407 1963 499 2032 qui
536 1976 660 2013 ante
695 1961 1033 2030 septennium
1071 1973 1200 2024 erat,
1239 1958 1368 2010 dum
1406 1977 1528 2009 eum
1566 1957 1765 2008 Romae
1800 1957 1996 2008 iterum

137 2049 327 2114 dimisi,
350 2049 431 2101 vel
453 2050 545 2119 qui
574 2062 697 2100 ante
718 2067 877 2100 annos
901 2046 1199 2111 duodecim,
1220 2046 1348 2098 dum
1370 2065 1492 2097 eum
1515 2044 1656 2115 apud
1677 2045 1995 2097 Avinionem

138 2135 382 2188 Rhodani
423 2136 656 2205 primum
698 2134 823 2187 vidi.
917 2135 1123 2185 Mirum
1166 2147 1220 2184 et
1261 2152 1428 2203 paene
1468 2131 1808 2183 incredibile!
1902 2131 2068 2190 Vir30

138 2242 272 2276 unus
311 2222 479 2274 Roma
517 2235 819 2291 senescente
858 2240 965 2272 non
1002 2220 1239 2271 senescit.
1334 2219 1505 2271 Pauca
1542 2218 1618 2269 ibi
1659 2220 1802 2286 (nam
1840 2218 1995 2269 semi-

141 2309 345 2362 nudum
381 2323 436 2361 et
472 2309 576 2360 iam
612 2309 668 2360 in
704 2307 1008 2360 cubiculum
1046 2320 1263 2364 euntem
1298 2306 1448 2359 illum
1485 2305 1799 2374 repereram)
1839 2303 1905 2355 de
1943 2318 1997 2356 te

140 2397 351 2466 tuisque
385 2395 539 2448 rebus
574 2395 769 2447 affectu
803 2394 977 2464 patrio
1011 2406 1351 2463 percontatus
1386 2405 1500 2456 est;
1556 2405 1730 2443 cetera
1762 2391 1819 2442 in
1854 2390 1994 2442 diem

139 2497 408 2552 posterum
443 2482 731 2533 reiecimus.
803 2481 961 2532 Illum
997 2479 1137 2530 diem
1171 2499 1199 2530 a
1231 2498 1386 2530 mane
1418 2477 1484 2530 ad
1516 2496 1783 2548 vesperam
1816 2495 1992 2529 secum

139 2566 238 2635 egi,
277 2566 422 2626 cuius
460 2585 526 2616 ne
564 2563 1089 2637 ung-&quidemffhora
1125 2563 1181 2614 in
1217 2562 1426 2614 silentio
1464 2576 1580 2613 acta
1617 2575 1711 2613 est.
1787 2560 1890 2613 Sed
1928 2560 1995 2613 de
2014 2574 2065 2617 35

141 2653 352 2723 reliquis
396 2631 588 2704 effi
667 2652 873 2703 Mirum
917 2651 974 2701 in
1016 2649 1236 2701 modum
1280 2649 1595 2701 exhilaratus
1639 2662 1717 2700 est
1761 2647 1994 2701 adventu

143 2758 279 2804 meo,
314 2758 539 2809 sperans,
569 2753 630 2791 ut
666 2738 856 2802 aiebat,
892 2737 1084 2789 amicos
1117 2736 1312 2789 vestros
1347 2756 1440 2806 per
1473 2735 1786 2787 industriam
1821 2754 1992 2787 meam

142 2825 302 2876 finem
359 2826 572 2876 carceris
629 2845 687 2876 ac
743 2825 978 2876 miseriae
1033 2837 1367 2893 reperturos3
1444 2841 1604 2892 quam
1659 2823 1791 2893 sffinis
1846 2841 1991 2892 spem

142 2912 322 2964 falsam
350 2931 455 2963 esse
482 2912 650 2964 doleo.

210 3000 295 3050 Ne
345 2999 485 3050 enim
543 3014 597 3051 te
645 3000 850 3068 longius
914 2997 1135 3063 traham,
1188 2997 1356 3050 Roma
1408 2988 1683 3066 digressus⁸
1713 2997 1991 3066 Neapolim
2014 3012 2066 3050 40

140 3083 278 3135 veni.
342 3083 562 3151 Reginas
589 3083 692 3134 adii
720 3098 773 3135 et
801 3082 1098 3150 reginarum
1125 3081 1340 3135 consilio
1366 3081 1602 3132 interfui.
1671 3080 1774 3131 Pro
1798 3079 1989 3149 pudor,

140 3169 295 3239 quale
332 3172 664 3223 monstrum!
738 3170 960 3222 Auferat
998 3168 1063 3226 ab
1101 3168 1290 3221 Italico
1327 3168 1473 3219 coelo
1511 3168 1656 3219 Deus
1692 3186 1854 3235 genus
1891 3166 1992 3218 hoc

139 3256 313 3326 pestis,
395 3256 654 3308 Putabam
700 3256 974 3309 Christum
1022 3254 1164 3325 apud
1208 3254 1513 3324 Memphim
1561 3268 1615 3306 et
1662 3253 1987 3324 Babylonem
