2242 3600
6 2164 10 2179 .-
6 2140 9 2152 ,
7 2059 11 2076 -.
9 2002 14 2037 „..-
0 1940 16 1987 aba.
7 1771 29 1925 :hm-0...
1 1639 18 1757 -0—2-‘2-2
7 1590 12 1596 “

372 127 778 210 IOHANNI*
826 159 1326 213 COLVMNAE
1383 160 1883 213 CARDINALI
2025 177 2057 230 7

416 322 670 381 Iohanni
701 323 1010 383 Columnae
1041 324 1373 383 Cardinali.
1444 323 1609 383 Fam.
1642 325 1703 383 ii.
1741 343 1829 383 12.

313 442 919 495 EROPPORTVNVM
961 444 1094 495 curis
1139 443 1265 495 meis
1309 443 1503 509 locum,
1547 445 1588 496 si
1635 464 1742 496 non
1791 445 1892 496 alio
1936 464 2057 514 pro-

314 542 522 598 peraret
549 529 771 592 animus,
790 543 972 580 nactus
994 548 1108 580 sum
1129 529 1185 580 in
1212 530 1422 598 regione
1447 530 1699 582 Romana.
1765 531 2057 600 Caprarum

207 633 356 666 mons
380 615 552 667 dictus
574 630 651 667 est
674 616 821 680 olim,
844 615 1018 680 credo,
1043 616 1187 686 quod
1208 616 1525 669 silvestribus
1548 616 1785 686 virgultis
1809 617 2057 681 obsessus,

205 701 371 770 capris
432 720 591 771 quam
652 702 953 754 hominibus
1014 703 1342 772 frequentior
1401 703 1700 755 haberetur.
1796 703 2056 755 Paulatim

206 788 446 857 cognitus
489 788 594 839 loci
641 789 768 840 situs
817 803 870 840 et
917 803 1151 858 spectata
1199 789 1457 841 fertilitas,
1486 790 1806 842 habitatores
1855 790 2103 860 aliquots

205 888 395 944 sponte
425 875 708 939 contraxit,
740 895 768 926 a
799 875 988 945 quibus
1020 895 1109 927 arx
1139 876 1395 927 eminenti
1425 877 1543 928 satis
1577 876 1785 928 tumulo
1816 875 2058 940 fundata,

208 975 262 1012 et
308 959 587 1013 domorum
634 976 896 1031 quantum
943 962 1083 1013 collis
1131 977 1377 1031 angustus
1422 963 1645 1031 patitur,
1691 962 1862 1014 adhuc
1907 976 2057 1014 vetus

208 1048 500 1117 Caprarum
556 1048 872 1100 vocabulum
930 1068 1037 1100 non
1093 1050 1282 1102 amisit.
1373 1050 1543 1101 Locus
1600 1049 1840 1118 ignobilis
1897 1051 2055 1114 fama,

206 1134 549 1186 nobilioribus
587 1135 816 1204 cingitur
851 1135 991 1187 locis.
1065 1137 1157 1187 Est
1194 1136 1316 1187 hinc
1355 1135 1567 1188 Soracte
1603 1155 1771 1200 mons,
1810 1135 2057 1188 Silvestro

206 1221 371 1274 clarus
416 1221 604 1286 incola,
652 1221 742 1273 sed
790 1235 843 1273 et
890 1236 1013 1273 ante
1061 1222 1367 1274 Silvestrum
1415 1237 1692 1292 poetarum
1741 1223 2056 1274 carminibus
2082 1244 2128 1273 ιο

205 1308 434 1360 illustris.
515 1308 657 1360 Hinc
702 1308 900 1360 Cimini
944 1327 1066 1359 cum
1111 1323 1294 1360 monte
1337 1309 1493 1374 lacus,
1540 1327 1767 1379 quorum
1812 1309 2057 1360 meminit

205 1395 468 1464 Virgilius.
544 1395 686 1446 Hinc
740 1394 997 1460 Sutrium,
1049 1395 1194 1465 quod
1246 1415 1352 1447 non
1405 1396 1501 1447 nisi
1555 1395 1759 1448 duobus
1812 1414 2055 1465 passuum

207 1481 435 1533 millibus
468 1481 631 1546 abest,
665 1480 806 1532 sedes
841 1481 1019 1533 Cereri
1051 1482 1338 1550 gratissima
1372 1496 1426 1533 et
1458 1495 1625 1546 vetus,
1660 1495 1721 1533 ut
1754 1481 2056 1550 perhibent,

207 1567 420 1620 Saturni
458 1567 677 1620 colonia.
754 1568 984 1637 Campus
1023 1567 1322 1620 ostenditur
1360 1587 1468 1619 non
1504 1568 1659 1637 longe
1698 1588 1725 1619 a
1763 1568 1924 1619 muris
1962 1567 2055 1619 ubi

206 1655 439 1724 primum
459 1655 515 1706 in
537 1654 690 1706 Italia
710 1655 965 1706 frumenti
986 1673 1162 1706 semen
1184 1654 1248 1706 ab
1270 1654 1469 1706 advena
1489 1674 1609 1723 rege
1627 1654 1827 1706 iactum
1849 1653 2054 1719 dicunt,
2080 1674 2125 1716 15

206 1742 431 1811 primam
477 1760 694 1793 messem
739 1741 872 1792 falce
917 1740 1197 1806 desectam,
1244 1760 1351 1811 quo
1397 1741 1652 1792 beneficio
1697 1741 2055 1810 miraculoque
2122 1751 2242 1809 ἕως]

207 1829 436 1881 delinitis
470 1829 671 1893 animis,
705 1829 760 1879 in
794 1843 998 1897 partem
1034 1829 1177 1897 regni
1211 1828 1404 1893 vivens,
1438 1828 1494 1879 in
1527 1828 1830 1897 opinionem
1866 1827 2055 1879 divini-

208 1917 329 1969 tatis
373 1916 481 1968 vita
524 1917 756 1980 functus,
802 1917 978 1966 favore
1021 1915 1297 1966 hominum
1343 1928 1607 1983 exceptuS,
1652 1934 1807 1966 senex
1850 1933 1955 1979 rex,
2002 1929 2056 1966 et

206 1997 407 2054 falcifer
445 2001 570 2053 deus
610 2016 703 2053 est.
776 2001 881 2052 Aer
918 2001 1022 2065 hic,
1061 2015 1322 2071 quantum
1362 2000 1518 2052 breve
1557 2014 1764 2070 tempus
1802 1999 2057 2065 ostendit,

207 2088 594 2141 saluberrimus.
677 2089 839 2152 Hinc,
885 2088 1050 2152 illinc,
1098 2088 1249 2139 colles
1297 2088 1580 2151 innumeri,
1629 2086 1912 2150 altitudine
1959 2106 2125 2140 nec20

207 2195 410 2228 accessu
443 2175 642 2226 difficili
674 2189 728 2226 et
761 2174 1006 2244 expedita
1030 2174 1368 2244 prospectui3
1414 2174 1554 2226 inter
1578 2193 1707 2243 quos
1734 2187 1787 2225 et
1812 2173 2057 2225 umbrosa

204 2263 432 2315 laterum
472 2281 702 2314 convexa
735 2276 789 2312 et
822 2281 983 2330 opaca
1018 2261 1215 2312 circum
1256 2274 1405 2311 antra
1441 2259 1737 2311 subsidunt.
1807 2259 2057 2329 Vndique

205 2347 576 2401 submovendis
612 2347 803 2399 solibus
839 2346 1147 2398 frondosum
1185 2365 1367 2397 nemus
1404 2346 1640 2414 erigitur,
1677 2346 1773 2397 nisi
1809 2345 1955 2416 quod
1990 2346 2056 2398 ad

206 2437 526 2506 Aquilonem
576 2434 717 2486 collis
765 2434 1015 2485 humilior
1063 2433 1298 2502 apricum
1348 2432 1515 2501 aperit
1563 2433 1754 2496 sinum,
1803 2433 2054 2484 mellificis

207 2523 391 2593 apibus
445 2522 662 2574 floream
723 2521 1042 2584 stationem,
1112 2521 1282 2570 fontes
1341 2537 1595 2588 aquarum
1654 2518 1888 2570 dulcium
1939 2519 2056 2573 imis
2076 2535 2123 2578 ²5

174 2610 424 2664 „vallibus
462 2609 815 2678 obstrepunt;
870 2607 1026 2670 cervi,
1061 2605 1262 2670 damae,
1290 2605 1515 2674 capreoli
1553 2620 1606 2656 et
1643 2606 1739 2656 feri
1778 2624 2054 2657 nemorum

206 2716 384 2768 greges
422 2696 613 2766 apertis
650 2708 907 2764 vagantur
945 2692 1178 2744 collibus.
1253 2691 1428 2743 Omne
1464 2692 1738 2744 volucrum
1775 2712 1936 2761 genus
1973 2693 2056 2745 vel

208 2783 361 2837 undis
393 2783 477 2836 vel
508 2783 661 2835 ramis
693 2782 1102 2844 immurmurat3
1157 2797 1277 2830 nam
1313 2778 1473 2830 boum
1508 2793 1561 2831 et
1595 2779 1762 2831 omnis
1795 2781 2055 2832 mansueti

207 2871 406 2942 pecoris
437 2883 673 2921 armenta
702 2882 756 2920 et
785 2867 1003 2919 humani
1027 2866 1218 2917 laboris
1248 2867 1469 2931 fructus,
1500 2866 1690 2917 Bacchi
1721 2865 2054 2918 dulcedinem

206 2973 261 3011 et
302 2957 503 3010 Cereris
544 2955 864 3019 ubertatem,
906 2953 971 3005 ad
1011 2953 1137 3004 haec
1178 2966 1231 3004 et
1272 2952 1358 3003 illa
1400 2967 1618 3005 naturae
1659 2951 1816 3017 dona,
1856 2953 2124 3020 vicinos30

204 3044 347 3097 lacus
376 3063 433 3095 ac
458 3043 680 3095 flumina
707 3055 762 3093 et
788 3060 895 3092 non
922 3039 1271 3108 longinquum
1300 3057 1461 3110 mare,
1489 3054 1776 3108 praetereo.

274 3132 379 3182 Pax
412 3149 516 3181 una
569 3146 799 3199 quonam
833 3126 1001 3196 gentis
1035 3125 1271 3190 crimine,
1305 3125 1497 3195 quibus
1530 3125 1662 3178 coeli
1690 3125 1913 3194 legibus,
1945 3145 2054 3195 quo

206 3220 338 3283 fato,
373 3237 462 3269 seu
498 3235 603 3286 qua
636 3214 864 3266 siderum
901 3212 969 3277 vi,
1007 3211 1071 3263 ab
1107 3212 1184 3263 his
1222 3213 1368 3264 terris
1405 3212 1598 3277 exulet,
1634 3213 1835 3281 ignoro.
1907 3212 2052 3272 Quid
