2242 3600
247 169 310 221 68
745 167 1140 221 IOHANNI
1198 169 1596 223 ARETINO

175 320 222 361 25
247 294 421 347 animo
467 295 720 359 subitura,
770 294 899 346 nihil
946 294 1019 345 illi
1066 297 1309 366 pereunti
1356 297 1699 367 tempestivae
1744 299 1856 369 opis
1902 284 2088 358 afferre

245 381 537 451 potuerint,
575 381 669 433 nisi
705 395 765 433 ut
803 400 917 450 pars
955 382 1304 452 exspirantem
1340 383 1624 448 attolleret,
1658 404 1773 454 pars
1808 385 2086 439 infandum

246 468 541 520 carnificem
587 468 1011 520 excarnificatum
1057 470 1197 521 mille
1241 471 1540 523 vulneribus
1587 471 1884 525 conficeret.
1963 474 2085 526 Heu

247 554 414 623 impar
468 546 643 605 sceleri
696 553 947 618 vindicta,
1001 555 1103 607 heu
1159 555 1382 608 nimium
1436 577 1528 626 par
1583 556 1750 609 exitus
1803 557 2084 627 imparium

246 640 525 710 spirituum
564 654 615 690 et
653 639 706 690 in
746 640 941 692 diversa
979 641 1346 710 pergentium!
1388 683 1399 694 .
1440 684 1451 694 .
1493 684 1504 695 .
1542 643 1647 710 [He
1683 643 1773 694 has
1806 644 1973 712 sofar
2005 663 2083 696 re-

172 726 445 795 gofrained
456 727 593 794 from
621 727 825 794 writing
852 746 910 778 on
941 727 1019 778 the
1046 726 1136 796 life
1164 729 1220 795 of
1243 728 1490 794 Giacomo,
1521 730 1719 781 because
1747 730 1805 781 he
1832 729 1940 782 still
1951 730 2084 799 feels

246 813 324 863 his
346 812 437 863 loss
462 824 533 863 too
559 811 773 881 keenly]

311 898 568 950 Nondum
605 897 785 968 itaque
824 898 887 950 de
924 899 1098 951 oblata
1137 899 1267 951 mihi
1303 900 1518 953 materia
1557 915 1732 953 texere
1770 901 2084 955 continuum

243 983 442 1055 aliquid
482 1003 629 1036 ausus
671 1003 803 1048 sum,
846 999 899 1036 et
941 1005 1146 1037 causam
1188 985 1395 1038 audisti.
1473 987 1726 1040 Ceterum
1768 970 1935 1040 omnis
1978 988 2086 1040 dies

242 1070 462 1134 homini,
494 1070 653 1122 etiam
685 1089 825 1122 nunc
857 1071 1050 1122 morbis
1081 1071 1327 1136 obnoxio,
1360 1092 1556 1125 novum
1587 1074 1802 1144 aliquod
1833 1074 1897 1126 de
1927 1074 2085 1144 ipsius

171 1177 218 1218 35
243 1172 414 1208 morte
451 1156 728 1226 suspirium
767 1156 923 1225 parit,
962 1171 1041 1221 ut,
1081 1158 1120 1208 si
1159 1171 1348 1210 cuncta
1389 1157 1577 1210 litteris
1622 1160 1869 1215 mandare
1906 1161 2084 1225 velim,

244 1245 315 1296 nil
349 1245 455 1294 fere
490 1242 631 1294 aliud
664 1257 874 1295 acturus
908 1243 1021 1308 sim,
1057 1244 1282 1313 ideoque
1314 1244 1484 1296 ventis
1517 1245 1764 1297 mandare
1797 1246 2084 1299 consultius

242 1330 343 1394 sit3
406 1328 675 1380 interdum
719 1343 898 1380 tamen
942 1343 999 1380 et
1037 1329 1243 1393 litteris,
1288 1330 1439 1400 quale
1483 1344 1557 1381 est
1602 1330 1732 1382 illud
1775 1331 1920 1401 quod
1961 1351 2083 1384 cum

242 1415 431 1468 nudius
473 1415 659 1466 tertius
702 1415 1017 1483 digressurus
1058 1416 1272 1468 Patavio
1313 1416 1378 1467 ad
1419 1416 1726 1468 memoriam
1763 1407 2083 1471 'revocassem

240 1517 482 1571 rogatum
515 1520 615 1565 me,
650 1515 728 1565 ut,
763 1502 906 1571 quod
938 1501 1046 1553 sine
1078 1502 1317 1571 precibus
1351 1502 1533 1567 debeo,
1567 1502 1641 1552 illi
1673 1523 1791 1555 caro
1822 1518 1876 1555 et
1908 1519 2084 1557 amato
2115 1531 2125 1534 *

168 1611 220 1648 40
244 1588 403 1641 cineri
455 1587 668 1657 aliquod
720 1587 1038 1656 epigramma
1090 1588 1484 1652 subscriberem,
1536 1589 1625 1639 sed
1691 1589 1829 1640 diem
1883 1589 1948 1641 de
1999 1591 2084 1643 die

243 1676 542 1727 trahentem
599 1673 894 1742 neglexisse,
953 1674 1097 1726 dolui
1153 1693 1361 1726 mecum
1418 1688 1470 1725 et
1528 1675 1732 1739 erubui,
1790 1675 2082 1747 quidquam

243 1761 459 1813 omnino
489 1775 599 1811 tam
628 1760 716 1829 pio
746 1774 798 1812 et
830 1775 938 1812 tam
971 1761 1151 1812 debito
1181 1760 1432 1831 obsequio
1462 1761 1770 1830 praelatum.
1836 1762 2084 1834 Cumque

241 1850 342 1900 iam
380 1849 681 1917 frequentes
716 1848 939 1898 afforent
978 1847 1070 1917 qui
1106 1866 1190 1898 me
1227 1860 1683 1917 prosequerentur,
1721 1861 1774 1898 et
1811 1847 1866 1898 in
1901 1847 2080 1917 primis

242 1934 488 2004 promissa
541 1948 890 2002 reposcerent,
947 1953 1080 2004 quae
1135 1953 1229 1985 nec
1284 1933 1458 2002 negari
1512 1933 1683 2002 pudor
1736 1935 1927 1986 sineret
1982 1954 2078 1987 nec

167 2043 217 2085 45
241 2036 448 2090 tempus
485 2019 707 2089 impleri,
747 2020 874 2090 quid
911 2022 1135 2071 facerem
1165 2024 1182 2071 ?
1255 2019 1423 2089 Coepi
1458 2019 1663 2088 impetu
1699 2019 1738 2070 si
1775 2039 1882 2090 quo
1918 2022 2078 2073 modo

241 2125 440 2178 possem
482 2106 671 2158 addere
712 2106 875 2157 calcar
916 2106 1162 2174 ingeni03
1224 2107 1595 2176 profectusque
1635 2124 1756 2158 cum
1797 2106 1972 2175 paucis
2013 2108 2080 2160 ad
2141 2158 2144 2160 Α

240 2193 461 2263 sepulcri
492 2192 685 2256 locum,
713 2192 857 2262 quasi
895 2192 1180 2256 licentiam,
1208 2210 1365 2262 quam
1394 2211 1419 2243 a
1447 2191 1658 2244 vivente
1692 2211 2079 2258 consueveram,

240 2280 305 2331 ab
337 2279 559 2330 exanimi
591 2293 947 2348 percepturus.
1017 2277 1393 2347 Intempestiva
1423 2279 1550 2329 hora
1582 2277 1684 2328 diei
1713 2291 1841 2342 erat,
1873 2279 2078 2332 obsera-

241 2366 412 2436 tisque
447 2365 632 2435 templi
667 2364 864 2416 foribus
899 2379 952 2416 et
988 2364 1385 2416 meridiantibus
1420 2363 1657 2427 aedituis,
1692 2363 1779 2415 vix
1812 2365 2078 2431 admissus,

171 2470 382 2518 501USS1s
417 2465 713 2520 exspectare
747 2451 1045 2514 comitibus,
1060 2450 1263 2517 accessi
1297 2449 1429 2501 solus
1463 2449 1529 2500 ad
1562 2449 1830 2525 tumulum
1831 2450 2080 2533 sedique

240 2539 402 2601 iuxta,
443 2552 494 2607 et
535 2557 639 2587 non
679 2537 992 2606 responsuris
1032 2537 1225 2588 ossibus
1263 2536 1422 2601 verba
1459 2535 1596 2586 dedi.
1664 2515 1783 2587 Illic
1822 2555 1944 2604 ergo
1982 2555 2079 2605 pro

242 2639 481 2693 tempore
526 2623 875 2675 brevissimam
912 2642 1112 2674 moram
1150 2624 1375 2685 trahens,
1416 2640 1521 2672 non
1553 2621 1660 2672 sine
1701 2622 1922 2673 lacrimis
1965 2641 2078 2673 sex-

243 2710 411 2762 decim
430 2710 596 2777 elegos
616 2709 808 2761 dictavi
826 2709 1008 2760 ardore
1027 2709 1184 2777 magis
1209 2708 1368 2760 animi
1392 2726 1549 2778 quam
1574 2707 1748 2759 studio
1769 2722 1858 2760 aut
1876 2707 2079 2760 ratione

242 2797 362 2850 artis
395 2796 621 2859 adiutus,
651 2795 949 2864 tradidique
981 2795 1400 2864 exspectantibus
1433 2794 1607 2845 amicis
1645 2794 1733 2846 vix
1771 2795 1837 2847 ad
1875 2794 2076 2847 exitum

170 2910 218 2952 55
241 2883 538 2954 perductos,
579 2896 738 2951 atque
776 2881 896 2945 abii,
935 2883 1174 2933 hortatus
1213 2895 1273 2933 ut
1311 2881 1350 2932 si
1389 2880 1517 2931 nihil
1555 2896 1645 2932 aut
1684 2880 1779 2932 illis
1818 2895 1909 2933 aut
1947 2881 2078 2933 mihi

239 2969 452 3021 interim
492 2968 673 3019 melius
713 2967 1033 3031 occurrisset,
1075 2987 1137 3018 ex
1175 2967 1251 3018 his
1291 2966 1330 3017 si
1371 2966 1499 3036 quid
1539 2966 1765 3035 placeret
1807 2966 2075 3035 eligerent,

241 3055 498 3108 arbitratu
536 3073 646 3117 su0,
685 3053 1025 3105 incidendum
1064 3053 1327 3117 marmori,
1366 3052 1431 3104 ad
1470 3052 1613 3121 quod
1651 3052 1957 3121 poliendum
1993 3051 2074 3104 in-

241 3141 393 3210 signis
421 3159 559 3192 nunc
587 3139 843 3191 artificum
877 3140 1092 3191 desudat
1121 3139 1389 3192 industria.
1452 3138 1594 3190 Vale.
1658 3157 1727 3190 lv.
1758 3137 1881 3190 Idus
1907 3136 2074 3191 Maias

243 3226 441 3330 [.¹³⁵¹]‘
