2242 3600
546 183 943 237 IOHANNI
1005 183 1113 235 DE
1171 148 1656 236 CERTA‘LDo
1955 184 2018 253 65

171 313 276 378 hic,
307 332 466 384 quem
495 313 630 366 votis
660 311 957 383 optavimus
987 326 1305 381 peccatores,
1335 313 1443 364 fere
1473 310 1835 364 Christianum
1863 331 2024 380 genus

172 419 329 452 omne
351 399 631 452 contraxit.
690 399 762 450 At
785 418 851 450 ne
873 398 1048 451 taedio
1071 399 1204 451 solus
1227 399 1528 469 peregrinus
1551 398 1799 463 afficerer,
1822 397 2024 469 aliquot

172 486 303 538 mihi
342 506 427 538 me
466 486 682 558 comites
724 485 997 555 elegeram,
1039 505 1266 559 quorum
1307 501 1436 548 natu
1475 485 1722 555 grandior
1760 485 2027 554 religiosae

171 572 454 624 senectutis
484 573 730 636 obtentu,
761 571 891 624 alter
920 572 1135 624 scientia
1164 572 1547 644 facundiaeque
1574 570 1835 636 vehiculo,
1867 571 2026 623 ceteri
2049 591 2098 620 20

171 660 493 730 experientia
519 659 789 728 agibilium
815 673 868 710 et
894 659 1037 711 fideli
1061 659 1314 731 obsequio
1337 659 1554 712 lenituri
1578 678 1735 711 omne
1759 658 1878 723 iter,
1902 658 2025 711 licet

172 745 534 817 asperrimum,
563 745 898 798 videbantur.
966 746 1049 798 Sic
1077 746 1209 798 mihi
1237 746 1571 817 provideram
1599 759 1810 798 maturo
1846 745 2025 815 magis,

172 847 233 886 ut
252 847 470 886 eventus
494 833 694 897 docuit,
718 852 878 903 quam
900 832 1039 885 felici
1057 833 1288 886 consilio.
1351 834 1419 885 Et
1441 833 1583 885 ibam
1604 832 1831 886 ferventi
1851 831 2027 885 animo

172 919 435 990 positurus
469 919 573 972 iam
608 919 826 971 tandem
860 919 1075 990 piaculis
1110 919 1236 972 meis
1271 920 1450 972 finem.
1520 920 1636 971 Nec
1670 919 1830 984 enim,
1864 932 1926 971 ut
1951 918 2024 971 ait

174 1006 386 1059 Flaccus
411 1008 425 1031 ‘
446 1005 620 1058 lusisse
643 1006 830 1077 pudet,
853 1006 943 1058 sed
967 1026 1074 1059 non
1096 1006 1327 1059 incidere
1349 1006 1537 1059 ludum
1562 1009 1594 1071 ',
1619 1006 1763 1077 quod
1786 997 2026 1077 profecto
2050 1026 2098 1069 25

171 1092 522 1164 propositum,
542 1106 603 1145 ut
623 1110 791 1164 spero,
812 1092 943 1145 nihil
962 1093 1141 1163 potuit
1161 1107 1252 1146 aut
1272 1093 1470 1164 poterit
1491 1093 1774 1145 immutare
1793 1094 2024 1145 fortuna.

171 1179 370 1232 Allidat
407 1179 630 1251 scopulis
664 1199 987 1251 quamquam
1015 1194 1068 1232 et
1095 1194 1317 1232 cruento
1345 1180 1559 1232 cerebro
1585 1199 1701 1231 saxa
1727 1197 2025 1250 respergens

170 1265 363 1318 laceret
392 1266 493 1318 hoc
523 1266 712 1318 infesta
742 1266 1132 1337 corpusculum,
1162 1266 1240 1319 sui
1272 1266 1490 1337 quidem
1519 1286 1577 1318 ac
1608 1285 1819 1318 suarum
1848 1284 2025 1319 rerum

171 1353 417 1425 spiritum
471 1367 896 1424 contemptorem
951 1367 1099 1406 eruet
1151 1355 1384 1418 fortasse,
1439 1373 1546 1406 non
1600 1353 1899 1425 opprimet3
1972 1367 2024 1406 et

99 1434 105 1439 ’
170 1440 417 1510 languere
456 1454 598 1492 artus
637 1440 912 1510 saepicule,
953 1439 1189 1494 animum
1229 1454 1498 1510 aegrotare
1538 1459 1813 1510 nunquam
1854 1454 2023 1509 coget.
2047 1456 2099 1496 30

172 1528 299 1579 Non
330 1527 600 1579 modicum
632 1546 752 1579 sane
784 1545 971 1598 nuper,
1004 1546 1070 1579 ne
1101 1527 1322 1598 amplius
1355 1526 1747 1597 exspectatione
1777 1526 2025 1596 fatigeris,

35 1684 38 1691 Ι
112 1616 115 1619 ’
172 1614 226 1666 in
253 1633 441 1685 corpus
470 1633 650 1666 meum
677 1613 752 1665 illi
778 1613 947 1666 licuit.

244 1700 516 1771 Siquidem
552 1700 772 1753 Vulsino
809 1718 1053 1770 egressus,
1091 1701 1237 1771 quod
1274 1720 1414 1753 nunc
1451 1717 1673 1771 parvum
1711 1714 1763 1752 et
1794 1700 2025 1770 ignobile

173 1787 451 1858 oppidum,
487 1786 616 1839 olim
654 1787 792 1839 inter
830 1787 1072 1839 Etruriae
1109 1786 1281 1858 capita
1319 1801 1658 1839 numeratum
1696 1801 1791 1852 est,
1830 1805 2025 1839 sacram

175 1877 362 1930 urbem
427 1876 618 1947 quinto
681 1875 881 1928 visurus
946 1874 1184 1927 alacriter
1247 1874 1580 1926 festinabam.
1683 1875 1863 1927 Vnum
1925 1875 2026 1926 hoc
2050 1889 2098 1932 35

174 1963 468 2016 identidem
513 1982 635 2015 cum
681 1962 857 2015 animo
903 1981 1021 2014 meo
1066 1975 1331 2015 tractans:
1398 1981 1516 2013 ecce
1562 1975 1622 2014 ut
1668 1975 1806 2014 aetas
1852 1974 2026 2014 nostra

174 2050 362 2103 sensim
397 2050 631 2114 labitur3
690 2069 808 2101 ecce
845 2063 905 2101 ut
943 2068 1019 2100 res
1057 2062 1111 2099 et
1148 2047 1358 2100 consilia
1394 2048 1673 2101 hominum
1710 2062 2025 2101 mutantur:

175 2156 294 2189 ecce
321 2155 479 2207 quam
500 2154 684 2189 verum
711 2150 787 2188 est
811 2136 955 2206 quod
977 2135 1031 2187 in
1054 2133 1308 2187 Bucolicis
1334 2134 1462 2201 meis
1488 2135 1667 2206 scripsi
1691 2156 1702 2188 :
1752 2134 2027 2187 ‘Studium

174 2223 403 2278 iuvenile
440 2237 678 2276 senectae
718 2222 996 2293 Displicet,
1029 2235 1082 2274 et
1113 2222 1316 2275 variant
1350 2241 1503 2274 curae
1533 2222 1770 2275 variante
1802 2220 2027 2291 capillo?

177 2308 408 2371 Quartus
451 2310 682 2363 decimus
724 2330 888 2363 annus
929 2323 1004 2361 est
1047 2329 1110 2360 ex
1150 2329 1256 2380 quo
1298 2298 1538 2370 Romam!
1562 2308 1811 2362 miracula
1851 2329 2027 2361 rerum
2049 2329 2101 2366 40

177 2398 453 2494 dumtaxat
488 2384 704 2450 videndi
719 2393 1019 2494 desiderio
1016 2394 1263 2492 primum
1298 2395 1435 2448 veni.
1508 2395 1751 2448 Secundo
1786 2414 1870 2447 me
1904 2397 2028 2460 hue,

177 2570 436 2641 cupiditas
457 2571 692 2622 attraxit.
748 2569 922 2622 Tertii
943 2589 1000 2621 ac
1024 2568 1199 2640 quarti
1220 2542 1419 2621 itineris
1441 2589 1591 2622 causa
1618 2551 1721 2622 fuit
1729 2546 2027 2622 illustrium

176 2657 466 2710 amicorum
510 2658 792 2722 miseratio,
839 2675 1066 2728 quorum
1112 2670 1240 2709 tunc
1286 2657 1499 2709 deiectis
1544 2657 2028 2729 miserabilibusque

140 2734 143 2736 ¹
176 2744 420 2809 fortunis,
458 2744 678 2815 impares
714 2744 857 2809 licet,
894 2745 1138 2796 humeros
1176 2743 1454 2797 admovere
1491 2763 1599 2796 non
1635 2746 1810 2797 timui.
1884 2745 2027 2797 Haec
2050 2761 2100 2802 45

177 2830 308 2883 mihi
359 2850 500 2883 nunc
551 2832 756 2903 quinta,
809 2831 922 2902 quis
974 2830 1069 2883 scit
1121 2850 1186 2883 an
1236 2844 1290 2882 et
1342 2831 1635 2895 novissima,
1675 2831 2029 2902 peregrinatio

178 2918 414 2970 Romana
464 2931 578 2982 est3
648 2932 801 2971 tanto
851 2917 1034 2970 ceteris
1084 2916 1301 2982 felicior,
1354 2931 1556 2988 quanto
1605 2918 1902 2988 generosior
1952 2933 2027 2970 est

177 3004 381 3057 animae
407 3022 529 3056 cura
557 3024 715 3075 quam
743 3003 990 3076 corporis,
1019 3017 1326 3075 quantoque
1352 3003 1636 3074 optabilior
1662 3021 1872 3057 aeterna
1897 3004 2027 3057 salus

179 3109 338 3162 quam
361 3090 592 3143 mortalis
614 3091 794 3160 gloria.
852 3090 1002 3143 Talia
1025 3089 1348 3160 cogitantem
1371 3105 1442 3155 et,
1467 3091 1702 3162 quamvis
1725 3090 1780 3143 in
1802 3090 2027 3155 silenti0,

177 3264 278 3316 feci
309 3279 362 3316 et
392 3264 672 3334 grandaevi
702 3255 905 3317 abbatis
935 3283 1116 3334 equus,
1150 3263 1241 3335 qui
1271 3264 1401 3316 mihi
1430 3265 1546 3316 loco
1578 3264 1794 3335 quidem
1824 3263 2029 3317 sinister

248 3366 351 3415 2548
1070 3370 1098 3402 F
