2242 3600
593 188 1002 240 BARBATO
1055 187 1636 242 SVLMONENSI
1961 205 2028 259 77
2084 155 2086 158 ·

180 318 266 371 die
294 337 386 370 nos
412 319 637 370 intactos
666 317 980 388 praeteriens
1007 317 1274 386 glutinum
1303 318 1450 370 nobis
1478 318 1836 371 suavissimum
1865 331 2027 388 atque

180 405 537 457 dulcissimum
576 405 786 456 inimica
826 423 962 455 mors
1003 388 1196 473 rapuit,
1238 423 1412 473 regem
1454 404 1706 469 Siculum,
1747 423 1855 474 quo
1895 405 2027 456 nihil

179 491 361 555 maiuS,
393 491 523 542 nihil
553 490 1006 564 ornatius-tulerat
1036 504 1195 542 aestas
1225 504 1416 543 nostra.
1483 491 1580 543 Ille
1607 491 1699 560 qui
1729 510 1819 542 nos
1848 491 2025 544 vivens

179 578 355 629 animo
387 566 740 651 cppulavera't,
775 596 993 646 corpore
1025 576 1275 628 disiunxit
1308 578 1549 642 moriens,
1585 591 1870 647 totumque
1902 597 2025 647 pro-

178 665 411 734 positum
431 665 570 716 vitae
599 677 804 715 nostrae
834 677 1030 716 moesta
1043 655 1234 715 ‘rerum
1256 665 1551 716 mutatione
1579 663 1884 733 praevertit.
1918 704 1931 716 .
1965 704 1977 716 .
2012 704 2024 716 .
2050 691 2096 718 10

99 794 101 796 .
177 748 310 822 [The
340 750 461 802 laws
492 749 549 819 of
570 762 747 801 nature
779 763 955 802 cannot
985 750 1040 802 be
1070 750 1305 818 changed,
1339 750 1440 802 and
1469 769 1540 802 we
1571 762 1699 802 must
1730 750 1911 802 control
1941 768 2028 801 our

175 835 349 907 grief-l

248 923 313 974 Id
350 923 565 992 quidem
602 923 747 992 quod
783 942 890 974 non
926 924 981 975 in
1018 923 1216 975 ultimis
1254 923 1629 975 adversitatum
1667 941 1924 987 numeraS,
1964 936 2025 975 ut

178 1028 264 1061 me
285 1009 483 1061 Romae
509 1029 615 1060 non
642 1010 914 1074 inveneris,
930 1010 1187 1080 divinitus
1215 1012 1416 1062 factum
1444 1030 1576 1075 reor,
1600 1030 1683 1075 ne,
1710 1011 1751 1061 si
1778 1010 2026 1079 congredi

175 1095 421 1160 licuisset,
480 1115 585 1148 non
645 1096 842 1166 templa
906 1097 1007 1148 Dei
1065 1097 1346 1150 devotione
1408 1097 1682 1162 catholica,
1736 1097 1826 1148 sed
1884 1097 2025 1149 urbis
2050 1115 2095 1156 15

179 1182 439 1234 ambitum
474 1182 808 1235 lustraremus
856 1184 1156 1235 curiositate
1194 1184 1418 1253 poetica,
1458 1203 1564 1234 non
1603 1184 1808 1235 animae
1846 1203 2025 1235 curam

177 1283 404 1337 agentes,
445 1269 534 1320 sed
576 1270 847 1337 negotium
888 1269 1239 1333 litterarium3
1301 1269 1446 1339 quod
1486 1270 1609 1321 licet
1649 1271 1716 1322 sit
1756 1270 2024 1322 iucundis-

175 1356 366 1407 simum
396 1355 650 1425 pabulum
679 1355 994 1419 intellectus,
1026 1356 1121 1406 nisi
1152 1369 1330 1407 tamen
1358 1355 1425 1406 ad
1454 1375 1621 1408 unum
1650 1375 1834 1409 verum
1865 1357 2024 1408 finem

103 1432 110 1437 “
177 1441 461 1510 redigatur,
506 1441 775 1493 infinitum
820 1441 1036 1511 quidem
1081 1455 1134 1493 et
1177 1442 1332 1493 inane
1375 1456 1467 1494 est.
1547 1443 1758 1494 Poteras
1802 1463 1939 1508 sane,
1983 1444 2025 1495 si

178 1528 441 1580 tarditatis
480 1547 626 1580 meae
664 1529 996 1593 meminisses,
1037 1529 1227 1580 mentis
1265 1529 1482 1597 augurio
1521 1529 1839 1599 praevidere,
1880 1531 2025 1600 quod
2047 1552 2096 1579 20

177 1634 262 1666 me
292 1616 514 1667 Romam
544 1635 650 1666 non
681 1615 900 1667 Iubilaei
929 1615 1265 1685 principium,
1294 1615 1384 1666 sed
1414 1615 1527 1666 finis
1558 1615 1859 1668 adduceret.
1942 1623 1944 1625 ’

245 1702 405 1760 Quod
442 1703 613 1771 ipsum
650 1702 899 1771 petitioni
938 1716 1060 1753 tuae
1096 1720 1398 1771 responsum
1434 1702 1519 1766 sit,
1558 1715 1620 1753 ut
1656 1703 1798 1766 scias,
1837 1721 1923 1754 me
1960 1703 2025 1756 de

173 1789 358 1858 Africa
386 1802 577 1852 nostra,
605 1807 764 1858 quam
790 1789 902 1840 iure
930 1802 1025 1839 tuo
1051 1788 1297 1858 postulas,
1325 1808 1432 1840 non
1458 1802 1683 1840 mutasse
1709 1789 1983 1842 consilium
2006 1811 2021 1855 3

173 1876 213 1926 si
236 1875 376 1926 enim
399 1894 633 1945 unquam
655 1876 710 1926 in
731 1875 903 1927 lucem
925 1875 1117 1939 veniet,
1142 1875 1248 1926 noli
1272 1875 1336 1926 de
1358 1875 1462 1926 fide
1483 1876 1719 1945 promissi
1743 1875 1987 1929 dubitare
2008 1899 2022 1942 3

176 1974 331 2012 tuum
374 1975 496 2012 ante
537 1962 712 2013 omnia
762 1961 923 2012 limen
975 1975 1140 2031 petet.
1235 1961 1434 2013 Verum
1486 1960 1572 2013 illa
1623 1975 1677 2013 et
1719 1963 2024 2015 morositate
2046 1978 2093 2018 25

174 2047 392 2116 hospitis
434 2062 486 2099 et
526 2049 812 2099 innumeris
852 2050 1096 2099 fortunae
1136 2048 1390 2117 repagulis
1432 2048 1718 2100 detinetur.
1795 2049 1944 2108 Quae
1982 2052 2023 2101 si

174 2147 365 2185 cuncta
398 2149 669 2199 cessarent,
706 2149 822 2186 tum
854 2135 1011 2186 satius
1044 2135 1211 2187 visum
1244 2149 1338 2199 est,
1372 2134 1515 2187 illam
1549 2135 1693 2186 domi
1726 2154 1936 2188 manere
1968 2152 2022 2189 et

174 2239 295 2272 cum
318 2235 489 2272 aetate
510 2222 768 2290 concoqui
795 2240 851 2272 ac
878 2235 1239 2284 maturescere,
1267 2240 1349 2285 ne,
1373 2221 1414 2272 si
1439 2235 1562 2272 ante
1586 2235 1793 2291 tempus
1819 2223 2020 2287 exisset,

172 2325 453 2377 pomorum
495 2326 640 2359 more
682 2326 816 2377 quae
858 2308 1139 2358 immatura
1181 2307 1334 2358 ramis
1377 2307 1752 2377 decerpuntur,
1796 2311 2023 2379 asperior

172 2393 433 2458 evaderet,
481 2413 577 2445 nec
623 2395 783 2445 ferret
830 2407 1094 2457 aetatem3
1162 2394 1466 2463 praesertim
1511 2413 1634 2447 cum
1678 2403 1775 2446 nec
1822 2396 2021 2448 reditus
2041 2414 2092 2453 30

171 2495 302 2533 esset
340 2481 499 2532 semel
537 2482 592 2532 in
632 2481 906 2551 publicum
948 2500 1189 2549 egressae,
1231 2495 1285 2532 et
1324 2482 1519 2550 ingenii
1560 2483 1663 2533 mei
1703 2482 2021 2536 incredibilis

172 2568 400 2619 mutatio
442 2568 498 2618 in
543 2567 647 2618 dies
693 2568 857 2618 fieret.
940 2567 1146 2618 Dehinc
1190 2569 1328 2635 forte
1371 2567 1513 2619 aliud
1556 2568 1754 2619 consilii
1798 2570 2018 2639 capiam,

171 2653 582 2723 incumbamque
604 2654 729 2705 lima
754 2654 976 2717 ultima3
1024 2672 1144 2705 nam
1171 2668 1223 2705 et
1256 2654 1423 2706 multa
1455 2673 1589 2724 quae
1621 2655 2020 2708 remorabantur

171 2740 343 2792 ablata
376 2754 516 2804 sunt,
554 2754 607 2791 et
643 2760 755 2809 ego,
792 2742 846 2792 ni
880 2740 1047 2805 fallor,
1082 2741 1186 2792 iam
1219 2760 1334 2822 sum
1346 2741 1631 2822 quidquid
1666 2755 1727 2793 ut
1751 2761 1954 2803 essem
1956 2763 2018 2794 ex

171 2827 279 2878 alto
324 2827 632 2896 permissum
679 2842 825 2878 erat·
811 2870 825 2892 ,
894 2828 1128 2896 quamvis
1175 2818 1340 2898 usque
1385 2828 1450 2880 ad
1496 2829 1833 2881 novissimum
1878 2830 2018 2882 vitae
2038 2841 2087 2882 35

154 2902 338 2964 ‘Hi‘efm
342 2906 600 2983 progredi
647 2932 755 2966 non
802 2914 1051 2979 desinam,
1099 2929 1359 2984 quantum
1404 2916 1557 2979 sinar,
1605 2934 1700 2967 nec
1747 2915 2016 2985 desperem

169 3000 319 3070 pigro
374 3000 533 3050 etiam
589 3001 886 3069 magisterio
938 3002 1220 3052 senectutis
1276 3001 1481 3053 doctior
1535 3021 1592 3053 ac
1648 3001 1832 3053 melior
1886 3003 2014 3066 fieri,

126 3072 135 3142 l
170 3085 517 3156 quotidieque
547 3086 746 3156 aliquid
777 3087 1042 3138 addiscens
1073 3106 1348 3140 senescere.
1418 3087 1470 3139 Si
1501 3107 1609 3158 quo
1638 3089 1811 3139 forsan
1838 3088 2016 3140 studio

170 3186 415 3242 coaptare
441 3171 571 3223 mihi
597 3172 795 3225 valeam
818 3169 967 3243 'quod
996 3173 1061 3224 de
1085 3191 1138 3224 se
1171 3165 1474 3255 ipsolsenex
1500 3174 1587 3226 ille
1612 3174 2014 3244 sapientissimus

169 3259 439 3329 gloriatur,
467 3259 605 3310 nitar
628 3273 786 3312 certe.
862 3259 1032 3330 quue
1056 3259 1266 3312 liberius
1291 3278 1377 3312 me
1401 3262 1684 3326 facturum,
1710 3261 2016 3331 feliciusque
2034 3281 2086 3318 40
