2242 3600
534 175 930 229 IOHANNI
989 176 1099 228 DE
1155 176 1638 228 CERTALDO
1912 194 2007 248 149

164 305 321 356 Erebi
354 320 477 357 sunt
513 305 919 375 descriptionem
954 304 1019 356 ab
1053 305 1290 356 Homero
1323 305 1538 371 factam,
1574 304 1639 356 ab
1674 305 1774 357 hoc
1809 319 2006 370 autem,

165 389 232 442 de
263 410 370 461 quo
404 393 618 460 agimus,
654 406 749 444 tuo
781 392 998 443 hortatu
1030 391 1087 442 in
1119 391 1373 443 Latinum
1406 410 1623 457 versam,
1658 392 1789 443 mihi
1821 411 2006 462 quam-

164 477 396 547 primum
429 493 578 549 potes
612 477 900 530 admodum
934 478 1127 547 egenti,
1162 491 1455 548 utcumque
1489 479 1590 531 tuis
1625 478 1800 547 digitis
1833 498 2007 531 exara-
2032 503 2079 544 55

165 577 293 628 tam,
337 565 533 617 mittas.
612 565 730 617 Hoc
773 565 830 616 in
871 582 1107 634 praesens
1205 563 1270 615 In
1312 569 1555 617 futurum
1599 578 1796 662 autem,
1839 565 1880 617 si
1924 584 2009 617 me

162 736 423 789 Homerus
483 738 686 806 integer
747 713 1122 789 bibliothecae
1155 736 1296 802 huic,
1358 737 1450 789 ubi
1511 708 1715 834 pridem
1778 738 2010 791 Graecus

163 823 387 889 habitat,
431 823 645 876 tandem
686 824 906 875 Latinus
948 822 1197 887 accedat3
1261 842 1355 875 nec
1395 843 1511 875 sum
1553 825 1768 890 nescius,
1810 839 2010 895 quanta

165 924 376 962 tuarum
412 910 550 962 mole
584 929 759 962 rerum
795 910 1141 980 praegravatis
1176 909 1405 962 humeris
1441 910 1572 980 quid
1605 911 1895 981 imponam,
1930 911 2010 963 sui
2032 926 2081 964 60

164 1010 433 1067 appetens,
456 996 619 1049 fidens
647 997 743 1049 tui.
806 995 950 1048 Vale.
1021 996 1272 1062 Venetiis,
1299 996 1547 1050 Kalendis
1574 997 1784 1050 Martiis
1810 996 2006 1068 [1364].

471 1226 639 1286 Petro
667 1225 1013 1285 Bononiensi
1042 1224 1299 1284 Rhetori.
1370 1225 1496 1286 Sen.
1529 1226 1606 1286 iv.
1640 1244 1694 1304 3.

278 1363 394 1416 TSI
441 1383 678 1434 praesens
737 1363 929 1428 animo,
985 1381 1203 1432 corpore
1259 1363 1544 1432 proximus,
1589 1351 1755 1433 paene
1800 1363 2009 1417 auribus

277 1451 559 1520 strepitum
595 1449 957 1520 plausumque,
994 1468 1159 1519 paene
1197 1448 1358 1501 oculis
1390 1451 1598 1502 fumum
1633 1449 2011 1520 pulveremque

164 1535 366 1588 haurias
404 1535 671 1601 ludorum,
709 1550 763 1588 et
809 1536 850 1588 si
889 1535 1020 1606 quid
1067 1535 1289 1588 notitiae
1337 1535 1583 1601 defuerit,
1624 1549 1782 1588 nocte
1821 1536 2012 1607 dieque

128 1597 579 1675 ·commeantium
610 1623 727 1675 viva
761 1642 863 1676 vox
891 1622 1151 1693 suppleat,
1179 1622 1337 1675 credo
1362 1637 1541 1675 tamen
1574 1637 1627 1675 te
1662 1623 1855 1693 cupide
1885 1624 2011 1676 meis

162 1709 351 1762 litteris
401 1723 793 1780 percepturum,
844 1729 978 1781 quae
1026 1710 1264 1781 cupidius
1313 1725 1640 1781 spectaturus
1690 1711 1864 1777 fueriS‚
1917 1711 2012 1764 nisi
2033 1729 2058 1772 s

166 1796 301 1848 hanc
326 1796 425 1849 tibi
448 1795 856 1866 pulcherrimam
853 1796 1211 1877 „yfluptatem
1235 1796 1447 1850 morbus
1471 1797 1699 1867 corporis
1723 1796 2008 1850 invidisset.

167 1884 307 1935 Nam
346 1883 508 1954 quod,
546 1902 638 1936 oro
678 1897 747 1948 te,
782 1883 1066 1953 pulchrius,
1105 1884 1211 1936 sive
1250 1884 1395 1954 quod
1431 1884 1614 1937 iustius
1652 1883 2011 1955 spectaculum

167 1970 294 2039 fingi
332 1983 526 2040 potest,
566 1988 726 2040 quam
764 1970 1096 2022 iustissimam
1135 1970 1423 2037 civitatem,
1464 1991 1571 2023 non
1611 1971 1677 2024 de
1714 1972 2008 2024 vicinorum

165 2057 382 2122 iniuriis,
421 2075 529 2108 non
567 2056 632 2108 de
667 2055 1021 2108 simultatibus
1059 2057 1253 2109 civium
1291 2072 1383 2110 aut
1421 2058 1630 2128 rapiniS,
1670 2071 1731 2110 ut
1769 2057 2009 2128 reliqua3‚

166 2142 257 2196 sed
290 2143 355 2195 de
385 2143 490 2196 sola
508 2143 720 2212 justitia
751 2143 1070 2212 gaudentem
1106 2163 1315 2197 cernere
1343 2148 1361 2197 ?
1430 2144 1807 2214 Augustissima
1837 2145 2009 2198 Vene-
2035 2169 2084 2198 ιο

170 2246 346 2293 torum
369 2230 490 2282 urbs
513 2249 647 2300 quae
669 2249 773 2282 una
794 2229 952 2282 hodie
972 2230 1229 2283 libertatis
1253 2250 1310 2283 ac
1333 2231 1471 2301 pacis
1496 2245 1549 2284 et
1570 2232 1802 2284 iustitiae
1826 2231 2010 2284 domus

167 2332 262 2383 est,
293 2336 459 2370 unum
489 2317 750 2369 bonorum
779 2317 1060 2386 refugium,
1090 2337 1222 2370 unus
1252 2332 1453 2388 portu3‚
1484 2337 1643 2389 quem
1675 2318 1810 2371 bene
1837 2319 2012 2371 vivere

169 2405 498 2475 cupientium
522 2404 801 2473 tyrannicis
823 2404 1060 2474 undique
1081 2424 1138 2456 ac
1161 2404 1356 2457 bellicis
1380 2405 1780 2476 tempestatibus
1802 2425 2013 2476 quassae

169 2506 301 2544 rates
337 2505 541 2562 petant,
578 2491 700 2543 urbs
737 2491 847 2543 auri
864 2488 1023 2543 ‘dives
1058 2491 1149 2543 sed
1186 2491 1346 2544 ditior
1380 2493 1566 2558 famae,
1603 2506 1788 2563 potens
1825 2492 2011 2563 opibus

167 2577 259 2630 sed
285 2578 484 2630 virtute
511 2577 799 2648 potentior,
820 2577 992 2630 solidis
1021 2577 1242 2630 fundata
1271 2579 1632 2645 marmoribus,
1653 2579 1743 2632 sed
1770 2579 2013 2632 solidiore
2036 2597 2081 2638 15

170 2665 330 2716 etiam
381 2663 730 2716 fundamento
782 2663 943 2716 civilis
995 2664 1303 2717 concordiae
1352 2665 1600 2732 stabilita,
1652 2666 1787 2718 salsis
1839 2667 2013 2718 cincta

168 2748 434 2815 fluctibuS,
462 2749 552 2802 sed
579 2750 868 2804 salsioribus
899 2764 1016 2803 tuta
1045 2751 1282 2804 consiliis,
1348 2752 1474 2804 Non
1502 2751 1677 2805 credas
1709 2751 1773 2805 de
1802 2766 2012 2823 recepta

172 2836 363 2888 Cretae
409 2836 592 2902 insula,
643 2856 777 2907 quae
825 2851 1090 2890 vetustate
1138 2838 1363 2890 nominis
1412 2839 1591 2908 ingens
1639 2838 1782 2905 licet,
1834 2853 2013 2891 tamen

168 2923 468 2992 ingentibus
513 2924 695 2994 animis
739 2943 896 2994 parva
941 2944 1017 2976 res
1063 2939 1157 2990 est,
1204 2939 1258 2977 et
1302 2945 1459 2995 parva
1504 2940 1711 2996 praeter
1754 2926 2010 2978 virtutem

174 3010 350 3061 omnia
377 3010 611 3079 quamvis
639 3011 863 3063 maxima
890 3011 1187 3076 videantur,
1214 3012 1305 3064 sed
1334 3012 1399 3064 de
1429 3027 1641 3078 eventu,
1671 3012 1879 3082 qualem
1907 3031 2011 3064 esse
2036 3035 2085 3063 20

175 3096 369 3161 decuit,
402 3096 501 3148 hoc
536 3110 631 3161 est,
667 3116 774 3149 non
810 3097 874 3149 de
908 3117 997 3149 sua
1026 3097 1117 3149 sed
1150 3098 1215 3150 de
1247 3098 1478 3151 iustitiae
1508 3099 1727 3151 victoria
1760 3098 2013 3168 glorietur

171 3202 229 3234 ac
260 3182 500 3252 gaudeat.
570 3183 709 3235 Nam
741 3184 871 3254 quid
903 3203 1153 3254 magnum
1184 3185 1303 3237 viris
1335 3185 1559 3238 fortibus
1593 3206 1651 3238 ac
1684 3185 2010 3255 potentibus,

170 3283 225 3322 et
258 3269 357 3322 hoc
391 3268 524 3321 duce
556 3284 716 3340 atque
747 3270 806 3322 iis
842 3284 977 3323 terra
1011 3271 1246 3342 marique
1279 3271 1496 3324 militiae
1529 3272 1802 3342 magistriS,
1834 3271 2013 3347 §cisse
