2242 3600
265 182 360 235 144
631 163 1026 218 IOHANNI
1086 165 1194 217 DE
1251 164 1732 218 CERTALDO

257 290 395 342 vitae
431 292 495 343 sit
526 290 927 360 iucunditasque
967 290 1206 362 reposita,
1234 291 1333 343 hoc
1369 304 1510 342 certe
1545 291 1675 361 quid
1708 292 1778 344 sit·
1810 292 1951 345 aliud
1986 313 2093 347 non

256 375 425 441 vide0‚
472 377 567 428 nisi
617 378 818 428 auferre
866 376 1108 429 solatium
1157 396 1213 429 ac
1267 376 1581 447 praesidium
1630 379 1904 432 senectuti.
1953 420 1965 432 .
2015 421 2026 432 .

254 461 435 531 [What
468 462 626 514 would
659 462 786 513 have
821 462 936 514 been
970 463 1048 514 the
1071 463 1223 514 result
1254 462 1306 530 is
1331 462 1644 528 Lactantius,
1669 463 1963 532 Augustine,
1990 466 2093 518 and

183 562 230 602 95
253 547 452 617 Jerome
476 549 578 600 had
586 548 820 618 followed
843 548 957 599 such
984 549 1159 601 advice
1184 555 1213 603 Ρ
1278 548 1381 599 The
1407 548 1614 601 heretics
1639 548 1799 601 would
1822 549 1948 603 have
1974 550 2090 604 been

250 634 342 705 lest
366 634 666 708 unresuted.]

319 720 372 771 N
376 739 445 771 on
484 719 714 772 discurro
752 739 845 790 per
880 719 1122 789 singulos,
1161 719 1251 771 sed
1292 719 1356 772 ad
1399 738 1656 772 summam
1702 740 1808 773 non
1851 722 2089 793 intelligo

251 805 380 875 quid
403 805 479 858 his
502 805 703 871 studiiS,
728 825 835 857 non
858 805 976 858 dico
996 825 1172 858 senem
1194 805 1361 858 imbui
1386 806 1538 875 (nihil
1561 807 1700 858 enim
1723 806 1919 860 benefit
1942 808 2088 879 quod

250 911 357 943 non
389 905 441 943 et
475 905 713 962 tempore
742 910 836 944 suo
866 891 973 959 sit),
1006 891 1095 966 sed
1127 911 1155 943 a
1186 911 1349 962 puero
1380 893 1573 944 haustis
1607 893 1687 946 uti
1717 893 1887 945 sobrie
1918 893 2000 947 vel
2030 895 2086 948 in

158 995 228 1023 100
247 991 518 1030 senectute
562 978 921 1047 prohibeatur,
960 979 1211 1029 scientem
1250 977 1368 1029 dico
1406 977 1535 1047 quid
1573 997 1634 1029 ex
1678 979 1755 1030 his
1801 978 1867 1031 ad
1911 998 2085 1034 rerum

249 1063 511 1128 notitiam,
542 1063 671 1133 quid
700 1063 764 1116 ad
793 1082 977 1128 mores,
1007 1063 1136 1133 quid
1165 1063 1230 1115 ad
1258 1063 1631 1133 eloquentiam,
1661 1064 1792 1136 quid
1818 1077 2085 1135 postremo

247 1151 313 1202 ad
331 1150 599 1219 religionis
621 1165 825 1203 nostrae
845 1151 1196 1221 patrocinium
1218 1151 1354 1202 trahi
1381 1151 1539 1220 possit
1571 1192 1582 1203 .
1617 1191 1627 1202 .
1661 1191 1673 1202 .
1739 1150 1830 1221 [W
1830 1152 1895 1221 hy
1915 1152 2089 1206 should

245 1255 316 1288 we
357 1238 480 1289 shun
525 1238 604 1290 the
639 1250 778 1307 poets
818 1238 922 1289 who
964 1255 1112 1288 never
1152 1238 1364 1289 mention
1410 1236 1584 1288 Christ
1623 1237 1794 1289 rather
1837 1238 1958 1290 than
2002 1239 2083 1292 the

245 1324 483 1376 heretical
507 1325 699 1376 writers
723 1324 827 1376 who
854 1324 963 1393 only
989 1323 1137 1393 speak
1165 1323 1222 1391 of
1241 1323 1414 1375 Christ
1441 1335 1485 1375 to
1513 1323 1812 1376 caluminate
1837 1324 1940 1377 him
1965 1324 2017 1396 ?]

153 1427 222 1469 105
313 1410 439 1461 Non
482 1429 660 1462 sumus
707 1424 798 1462 aut
847 1410 1209 1462 exhortatione
1255 1410 1464 1462 virtutis
1513 1423 1604 1461 aut
1651 1409 1851 1463 vicinae
1897 1411 2079 1464 mortis

246 1496 472 1548 obtentu
509 1516 538 1548 a
572 1496 760 1548 litteris
799 1495 1114 1561 deterrendi,
1147 1514 1281 1565 quae
1315 1496 1356 1547 si
1392 1496 1447 1548 in
1484 1495 1675 1548 bonam
1713 1497 1942 1550 animam.
1973 1498 2079 1551 sint

245 1590 499 1652 receptae,
516 1571 586 1653 {et
622 1583 829 1635 virtutis
862 1583 1092 1634 excitant
1123 1600 1369 1647 amorem,
1402 1595 1455 1634 et
1497 1595 1587 1634 aut
1633 1580 1828 1635 tollunt
1852 1588 2077 1637 'metum

245 1670 426 1721 mortis
460 1656 550 1721 aut
584 1669 832 1722 minuunt
867 1710 879 1721 .
917 1710 928 1721 .
965 1710 977 1721 .
1013 1669 1203 1738 Neque
1234 1668 1374 1719 enim
1409 1668 1707 1738 impediunt
1745 1667 1952 1721 litterae
1987 1669 2078 1722 sed

243 1755 493 1808 adiuvant
516 1755 649 1807 bene
671 1769 935 1807 moratum
958 1772 1295 1824 possessorem
1318 1754 1561 1824 vitaeque
1583 1754 1719 1807 viam
1743 1770 2075 1825 promovent,

150 1864 220 1892 110
243 1860 348 1893 non
375 1841 642 1893 retardant
679 1883 689 1894 .
728 1883 740 1894 .
778 1882 790 1894 .
860 1840 1151 1911 [Examples
1168 1841 1304 1910 from
1331 1842 1582 1910 antiquity
1609 1841 1666 1910 of
1689 1860 1795 1893 men
1820 1841 1924 1893 who
1950 1842 2076 1894 have

234 1928 497 1997 preserved
523 1928 651 1980 their
673 1928 779 1980 love
803 1928 860 1996 qf
873 1928 1133 1980 literature
1157 1928 1211 1978 in
1235 1926 1314 1978 old
1337 1925 1466 1996 age.]

309 2012 426 2065 Scio
457 2013 650 2066 multos
681 2013 747 2065 ad
763 2013 1110 2082 sanctitatem
1141 2012 1383 2064 eximiam
1412 2012 1520 2064 sine
1548 2011 1734 2064 litteris
1766 2014 2072 2082 pervenisse,

240 2099 443 2152 nullum
469 2099 656 2152 litteris
685 2100 806 2151 hinc
835 2098 1099 2152 exclusum
1126 2098 1247 2164 sci0,
1277 2098 1371 2150 etsi
1399 2098 1606 2150 audiam
1631 2098 1791 2151 Paulo
1817 2098 2073 2170 Apostolo

238 2186 524 2256 quaesitam
577 2185 764 2238 litteris
818 2186 1068 2238 insaniam
1123 2184 1439 2254 exprobrari,
1494 2202 1652 2254 quam
1704 2185 1840 2237 iuste
1893 2199 2071 2238 autem

145 2293 214 2336 115
237 2272 438 2326 mundo
480 2285 684 2325 notum.
763 2273 908 2332 Quin
949 2272 1141 2342 potiuS,
1183 2272 1224 2323 si
1267 2271 1333 2323 de
1357 2272 1586 2352 proprio
1625 2271 1770 2341 loqui
1811 2271 1952 2338 licet,
1994 2274 2071 2327 ita

235 2360 421 2425 senti0,
457 2358 672 2429 planum
707 2359 925 2411 forsitan
958 2357 1047 2410 sed
1081 2358 1327 2426 ignavum
1361 2358 1462 2409 iter
1495 2376 1588 2427 per
1620 2357 1968 2426 ignorantiam
2003 2360 2068 2412 ad
2129 2392 2131 2394 -

234 2446 489 2520 yirtutem
512 2466 525 2510 3
574 2464 704 2498 unus
733 2459 809 2498 est
837 2445 950 2497 finis
978 2445 1216 2496 omnium
1243 2443 1520 2508 bonorum,
1549 2442 1862 2514 multiplices
1879 2441 2066 2498 ⁴autem

231 2527 363 2597 Viae,
402 2531 692 2602 eodemque
728 2530 1255 2587 tendentium,multa
1291 2530 1523 2583 varietas
1596 2529 1692 2581 Ille
1731 2529 1943 2597 tardiuS,
1980 2532 2065 2584 hic

233 2619 409 2683 ocius;
465 2617 551 2669 ille
587 2617 867 2683 obscurius,
904 2617 988 2670 hic
1024 2616 1241 2681 clarius3
1298 2615 1385 2667 ille
1420 2614 1699 2685 depressius
1730 2615 1946 2682 incedit,
1978 2617 2063 2670 hic

140 2729 211 2757 120
233 2703 400 2756 altius,
472 2703 713 2763 Quorum
748 2703 963 2774 quidem
1000 2702 1237 2755 omnium
1272 2701 1620 2772 peregrinatio
1655 2714 1731 2754 est
1767 2701 1935 2768 beata,
1970 2703 2062 2755 sed

232 2810 290 2843 ea
308 2804 449 2843 certe
465 2789 748 2859 gloriosior,
768 2809 901 2860 quae
919 2789 1119 2855 clarior,
1139 2807 1272 2859 quae
1291 2787 1459 2853 altior,
1479 2786 1619 2840 unde
1638 2787 1699 2839 fit
1719 2787 2093 2858 thaQ

231 2876 500 2931 devotioni
549 2875 930 2959 comparabilis
957 2894 1063 2949 non
1108 2875 1194 2946 sit,
1222 2873 1492 2946 quamyis
1523 2872 1780 2942 devota,-
1782 2874 2059 2928 rusticitas.

213 2948 343 3015 Nec
385 2976 444 3015 tu
484 2961 613 3014 mihi
654 2975 762 3014 tam
800 2975 1039 3014 sanctum
1072 2940 1304 3031 aliquem
1345 2979 1405 3012 ex
1443 2958 1532 3011 illo
1571 2978 1724 3028 grege
1761 2958 2057 3014 litterarum

229 3052 439 3119 inopem
473 3047 632 3113 dabis,
665 3048 749 3100 cui
782 3067 887 3100 non
919 3067 980 3099 ex
1010 3047 1109 3099 hoc
1142 3046 1304 3099 altero
1333 3045 1642 3098 sanctiorem
1676 3063 1893 3098 numero
1923 3045 2056 3100 obii-

135 3153 205 3194 125
228 3154 378 3187 ciam.

295 3221 380 3273 De
410 3221 486 3273 his
517 3233 694 3275 autem
725 3234 945 3289 cogente
976 3219 1207 3285 materia,
1240 3218 1486 3289 quoniam
1516 3237 1666 3288 saepe
1696 3217 1824 3270 mihi
1855 3237 2058 3273 necesse
