2242 3600
536 164 930 219 IOHANNI
990 165 1098 218 DE
1154 166 1636 218 CERTALDo
1913 183 2004 238 145

169 297 274 351 fuit
300 310 360 349 ut
384 295 644 366 loquerer,
672 310 726 348 te
750 296 970 366 amplius
995 295 1153 347 hodie
1178 314 1285 347 non
1310 294 1553 347 morabor
1575 316 1588 359 ;
1635 295 1727 364 qui
1751 295 1791 347 si
1816 309 2009 366 coepto

165 385 358 448 haeres,
405 397 466 435 ut
511 383 684 435 studia
727 382 853 434 haec
898 401 1031 452 quae
1075 381 1279 451 pridem
1324 395 1443 451 post
1489 396 1695 450 tergum
1738 380 2005 451 liquimus,

101 464 125 483 χ
161 471 470 540 litterasque
511 488 687 521 omnes
730 482 990 538 quantum
1030 468 1086 519 in
1127 467 1260 532 imis,
1304 488 1361 519 ac
1405 468 1661 520 distractis
1692 467 1846 542 libris
1894 468 2004 537 ipsa

164 557 324 608 etiam
364 556 486 609 velis
516 557 865 608 instrumenta
899 554 1195 606 litterarum
1238 554 1507 623 proiicere,
1540 568 1700 624 atque
1742 554 1817 606 ita
1848 554 2002 606 undi-
2030 577 2100 614 130

163 661 268 712 que
305 661 604 713 persuasum
645 641 743 694 tibi
783 654 877 706 est,
916 654 1143 708 gratum,
1183 639 1374 705 hercle,
1406 640 1574 692 habeo
1616 659 1717 705 me,
1749 640 2004 693 librorum

163 729 376 782 avidum
412 743 474 782 ut
511 743 570 781 tu
606 728 674 780 ais
713 729 829 796 (ego
865 746 972 778 non
1006 726 1223 791 infitior,
1262 746 1327 778 ne
1360 727 1401 778 si
1437 746 1622 796 negem
1657 727 1860 797 scriptis
1896 728 2006 797 ipse

164 817 288 868 meis
318 815 539 884 arguar),
568 815 623 866 in
651 815 746 865 hae
767 814 1045 895 gmptione
1075 812 1316 864 omnibus
1347 827 1442 865 tuo
1469 813 1664 866 iudicio
1692 812 2001 884 praelatum.

163 903 232 954 Et
273 902 507 971 quamvis
552 902 811 970 ipse·rem
854 918 1024 951 meam
1066 898 1243 952 videar
1286 914 1575 969 empturuS,
1619 900 1782 979 nolim
1825 914 2003 952 tamen

163 989 299 1041 tanti
331 989 427 1041 viri
458 988 615 1039 libros
648 987 751 1039 huc
783 986 906 1038 illuc
939 986 1157 1051 effundi,
1192 1000 1283 1038 aut
1316 987 1543 1056 profanis
1576 1001 1637 1039 ut
1671 986 1732 1039 fit
1766 986 2004 1042 manibus
2028 1010 2101 1052 135

160 1064 491 1128 contrectari.
564 1060 710 1126 Sicut
743 1074 905 1142 igitur
933 1092 1040 1139 nos,
1068 1073 1291 1135 seiuncti
1323 1072 1447 1124 licet
1481 1073 1802 1142 corporibUS,
1836 1092 2003 1126 unum

0 1164 114 1231 —Jff
161 1163 336 1213 animo
367 1161 579 1226 fuimus,
606 1159 658 1244 sfl
678 1159 976 1211 studiorum
1009 1160 1134 1210 haec
1166 1158 1435 1229 suppellex
1469 1173 1643 1212 nostra
1675 1173 1794 1230 post
1827 1178 1936 1224 nos,
1962 1159 2004 1210 si

159 1262 346 1302 votum
396 1266 574 1299 meum
624 1247 768 1298 Deus
815 1245 1092 1310 adiuverit,
1140 1245 1207 1296 ad
1257 1245 1484 1315 aliquem
1531 1247 1694 1298 nostri
1743 1259 2003 1316 perpetuo

160 1352 465 1398 memorem,
510 1334 658 1403 pium
703 1352 760 1384 ac
806 1332 1059 1385 devotum
1101 1331 1294 1396 locum,
1338 1331 1494 1384 simul
1535 1331 1841 1402 indecerpta
1884 1351 2002 1402 per-

159 1421 351 1474 veniat.
429 1418 511 1471 Sic
550 1420 690 1471 enim
728 1420 908 1483 statui,
948 1438 1010 1470 ex
1049 1437 1156 1488 quo
1187 1418 1280 1492 ille
1318 1417 1469 1484 obiit,
1509 1437 1668 1488 quem
1706 1418 2002 1471 studiorum
2027 1440 2100 1476 140

159 1525 397 1558 meorum
428 1525 751 1576 speraveram
782 1524 1125 1557 successorem
1159 1547 1170 1557 .
1211 1546 1223 1557 .
1259 1546 1270 1557 .
1328 1504 1427 1574 [As
1460 1518 1504 1556 to
1535 1504 1843 1557 Boccaccio's
1876 1525 2001 1558 com-

111 1659 117 1665 .
154 1592 348 1663 plaints
389 1587 446 1661 (ff
471 1605 698 1662 poverty,
742 1592 802 1644 P.
841 1593 1037 1662 praises
1078 1592 1181 1643 him
1209 1591 1299 1660 for
1334 1592 1618 1661 prfferring
1657 1592 1837 1661 liberty
1883 1606 1927 1644 to
1970 1613 2002 1644 a

156 1678 428 1748 dependent
462 1680 694 1748 position,
734 1679 820 1730 but
857 1677 1060 1730 rebukes
1095 1678 1198 1731 him
1229 1678 1319 1747 for
1358 1677 1610 1747 despising
1651 1679 1730 1730 the
1771 1675 1914 1746 qffers
1953 1679 2010 1749 of

141 1763 386 1836 friends]
444 1765 588 1817 Vale.
650 1766 849 1830 Patavi,
877 1785 924 1818 v.
957 1763 1217 1818 Kalendas
1246 1764 1418 1816 Iunias
1445 1762 1640 1835 [1362]

693 1928 1097 1987 BenintendiO.
1186 1927 1241 1985 V
1242 1889 1329 1986 ar.
1360 1946 1457 2008 43.

161 2032 495 2161 OMNIS,
538 2047 599 2086 ut
641 2033 882 2098 arbitror,
925 2034 1064 2085 inter
1106 2052 1195 2085 nos
1236 2034 1521 2102 gratiarum
1571 2035 1708 2086 actio
1757 2034 1998 2106 deinceps

286 2140 602 2190 supervacua
644 2134 736 2172 est.
809 2121 886 2172 Eo
928 2121 1068 2172 enim
1110 2120 1369 2171 amicitiae
1409 2122 1660 2189 progressi
1700 2139 1894 2187 sumus,
1937 2136 1999 2174 ut

154 2207 299 2278 quod
330 2208 459 2258 mihi
490 2208 613 2259 facis
647 2207 745 2259 tibi
771 2208 940 2259 facias.
1003 2207 1176 2276 Egisse
1202 2221 1256 2258 te
1282 2207 1406 2258 meis
1438 2208 1494 2259 in
1520 2207 1688 2272 rebus,
1716 2227 1851 2278 quae
1875 2223 1998 2262 sunt

154 2309 291 2359 tuae,
324 2294 469 2364 quod
499 2294 556 2345 in
587 2295 806 2363 propriis
841 2313 1011 2363 ageres
1043 2294 1165 2358 scio,
1200 2307 1253 2345 et
1286 2294 1510 2345 fortassis
1544 2313 1605 2345 eo
1638 2294 1858 2365 amplius
1890 2314 2013 2365 un

150 2399 395 2450 generosa
426 2398 568 2432 mens
599 2380 664 2431 ad
696 2380 955 2431 amicitiae
982 2398 1176 2431 nomen
1204 2379 1354 2432 altius
1385 2382 1665 2450 expergisci
1695 2395 1747 2433 et
1775 2381 1996 2434 stimulis
2017 2401 2042 2444 5

151 2467 531 2520 ardentioribus
572 2469 652 2536 agi
689 2467 837 2520 solet.
912 2467 997 2518 De
1033 2482 1226 2520 eventu
1263 2467 1454 2520 viderit
1494 2487 1601 2519 non
1637 2469 1868 2533 fortuna,
1906 2470 1996 2521 sed

37 2569 116 2613 (ψ)
132 2554 685 2628 Qunffepssffiilluffi
711 2555 803 2625 qui
836 2555 965 2606 mihi
992 2554 1132 2606 hunc
1159 2554 1364 2624 tibique
1389 2554 1539 2606 illum
1567 2554 1714 2607 dedit
1740 2556 1992 2622 animum,

150 2654 212 2693 ut
252 2627 445 2693 eta-hoc
487 2661 582 2711 ego
621 2642 754 2694 velle
792 2643 1096 2712 inciperem,
1138 2655 1192 2693 et
1234 2656 1294 2694 tu
1334 2642 1483 2711 pium
1523 2642 1623 2693 hoc
1662 2642 1993 2712 propositum

149 2727 450 2792 adiuvares3
509 2728 654 2798 quod
689 2729 730 2780 si
767 2742 955 2798 optato
989 2729 1304 2793 successerit,
1343 2729 1460 2793 erit,
1501 2729 1554 2779 ni
1591 2727 1758 2793 fallor,
1799 2729 1898 2780 tibi
1935 2749 1994 2782 ac

149 2815 365 2884 posteris
401 2829 628 2884 tuaeque
663 2814 994 2885 reipublicae,
1029 2834 1136 2867 non
1168 2815 1334 2867 audeo
1369 2815 1539 2866 dicere
1569 2814 1870 2884 gloriosum,
1902 2816 1992 2867 sed
2015 2838 2063 2868 10

147 2919 324 2952 secure
352 2901 571 2954 dixerim
599 2902 664 2953 ad
690 2901 908 2970 gloriam
933 2902 1031 2955 via.
1094 2901 1305 2955 Multae
1332 2903 1489 2967 enim,
1517 2920 1734 2971 magnae
1761 2916 1814 2954 et
1841 2921 1990 2972 prae-

148 2986 312 3038 clarae
350 3006 426 3038 res
466 3006 528 3039 ex
566 3006 673 3040 non
711 2987 990 3040 maioribus
1031 2989 1190 3040 initiis
1230 2988 1486 3059 prodiere.
1563 2989 1705 3041 Mihi
1742 2991 1989 3063 equidem

148 3074 316 3126 bonae
349 3074 634 3127 voluntatis
669 3074 890 3127 candida
924 3089 978 3127 et
1012 3074 1183 3127 illimis
1218 3076 1534 3129 conscientia
1567 3077 1686 3128 satis
1722 3091 1816 3142 est,
1852 3095 1987 3147 quae

145 3179 199 3212 se
246 3161 452 3213 utinam
503 3161 862 3231 tempestivius
913 3161 1202 3227 obtulisset,
1256 3162 1383 3214 dum
1432 3162 1628 3214 scilicet
1679 3164 1851 3215 anima
1898 3162 1985 3215 illa

145 3243 462 3295 sanctissima
477 3262 710 3296 summae
723 3263 896 3296 rerum
915 3259 1167 3314 praeerat,
1182 3263 1316 3315 quae
1331 3259 1592 3315 quantum
1610 3246 1732 3297 hinc
1749 3247 1983 3314 gavisura
2006 3264 2052 3306 15

218 3344 320 3394 2548
1048 3349 1079 3383 L
