2242 3600
253 189 318 255 98
755 149 1262 238 FRANclsco'
1304 186 1598 239 PRIORI

257 326 371 365 tum
412 331 518 364 non
554 314 734 366 sinam.
802 313 946 367 Vale.
1013 313 1322 378 Mediolani,
1354 332 1401 366 x,
1448 313 1706 368 Kalendas
1746 314 2082 386 SeptembriS,

256 413 379 450 ante
403 398 591 451 lucem.

183 511 232 554 35
321 483 410 555 [In
445 485 583 536 order
619 498 662 537 to
698 503 883 537 answer
917 485 994 537 his
1013 486 1233 555 friend's
1266 486 1409 538 letter
1442 486 1501 538 he
1535 488 1580 539 is
1614 489 1804 557 cutting
1835 489 1972 541 down
2006 490 2086 543 his

255 570 397 622 hours
412 570 641 640 ofsleep]
684 612 696 623 .
718 612 729 623 .
751 612 762 623 .
782 570 923 622 Mihi
940 571 1170 641 quidem,
1190 572 1368 637 amice,
1388 571 1819 627 luculentissimus
1839 575 2086 644 epistolae

257 670 379 708 tuae
404 670 553 708 tenor
578 656 682 708 sole
707 655 887 708 clarius
915 656 1146 709 animum
1172 657 1439 710 scribentis
1471 658 1719 711 ostendit.
1791 659 1987 713 Anxius
2014 679 2083 727 es,

255 756 308 794 et
347 761 519 794 rerum
561 761 792 795 mearum
834 743 1088 813 torqueris
1124 744 1393 796 eventibus
1422 785 1434 797 .
1465 785 1477 797 .
1508 786 1520 797 .
1595 743 1685 814 [W
1685 745 1854 798 bether
1891 746 1969 799 his
2005 765 2082 799 re-

254 830 478 896 maining
510 829 563 880 in
596 828 771 880 Milan
804 829 848 881 is
875 828 996 897 good
1026 847 1079 880 or
1110 828 1223 894 bad,
1257 828 1316 880 he
1348 829 1438 881 has
1469 829 1555 882 but
1587 831 1764 901 obeyed
1797 831 1875 883 the
1906 832 2005 885 law
2035 833 2094 902 of

181 937 233 974 40
252 914 529 986 nafessity]
602 915 746 974 Quid
766 915 904 967 enim
925 933 1146 984 agerem,
1168 914 1355 984 quibus
1379 930 1554 969 uterer
1573 917 1757 983 verbiS,
1778 937 1902 989 quas
1923 937 2081 989 quae-

253 1021 418 1054 rerem
447 1005 608 1071 fugaS,
639 1002 825 1072 quibus
854 1003 946 1056 viis
975 1002 1262 1067 evaderem,
1292 1002 1480 1073 quibus
1516 1004 1712 1056 artibus
1741 1005 1877 1057 tanti
1904 1025 2082 1076 preca-

254 1089 378 1141 toris
424 1080 628 1159 pondus
675 1103 989 1154 excuterem,
1038 1089 1122 1166 cui
1167 1088 1357 1157 lentius
1395 1088 1637 1160 obedire
1662 1090 2023 1166 rebellarem
1955 1097 2078 1145 est?

254 1173 455 1227 Scitum
493 1190 567 1227 est
604 1175 735 1227 illud
771 1174 979 1226 Laberii
1014 1175 1067 1225 in
1106 1173 1300 1226 Iulium
1337 1172 1642 1228 Caesarem
1647 1166 1683 1174 ψ
1701 1177 1715 1201 ‘
1739 1146 2023 1228 Etenim
1985 1177 2082 1248 ipsi

253 1259 507 1330 denegare
544 1261 628 1313 cui
667 1260 741 1312 nil
778 1274 1068 1330 potuerunt
1108 1259 1209 1325 dei,
1233 1260 1515 1312 hominem
1554 1279 1638 1313 me
1677 1261 1931 1332 denegare
1967 1264 2082 1334 quis

179 1377 228 1419 45
251 1362 420 1416 posset
440 1348 552 1418 pati
580 1351 597 1400 ?
623 1347 636 1370 ’
693 1347 810 1398 Hoc
831 1346 960 1398 mihi
981 1346 1046 1398 ad
1065 1346 1288 1416 primam
1307 1346 1441 1414 illius
1462 1348 1688 1400 occurrit
1708 1366 1908 1414 vocem,
1927 1349 2082 1402 simul

75 1466 83 1476 ‹
109 1469 113 1476 v
168 1441 174 1447 *
252 1448 304 1486 et
325 1433 456 1486 illud
477 1453 582 1486 non
602 1433 831 1503 ignobile
852 1432 1072 1498 dictum,
1089 1432 1212 1485 licet
1218 1432 1317 1496 ab
1317 1433 1536 1508 ignobili
1554 1429 1720 1507 poeta(
1731 1455 1743 1487 :
1787 1435 1802 1459 ‘
1819 1435 1910 1487 Est
1937 1454 2082 1488 orare

252 1520 438 1572 ducem
464 1521 654 1590 species
675 1519 903 1573 violenta
928 1518 1162 1584 iubendi,
1190 1519 1259 1572 Et
1288 1520 1432 1590 quasi
1461 1519 1662 1573 nudato
1681 1520 1940 1591 supplicat
1961 1539 2082 1574 ense

250 1620 434 1676 potens
453 1610 485 1659 ’.
564 1606 703 1659 Illud
731 1605 975 1676 equidem
1001 1606 1140 1657 inter
1166 1604 1333 1658 multa
1365 1606 1722 1660 vehementius
1761 1607 1997 1677 urgebat,
2025 1622 2080 1662 et

251 1694 568 1746 reverentiae
595 1711 739 1744 meae
760 1691 999 1744 stimulus
1027 1706 1080 1743 et
1112 1692 1369 1744 maiestati
1401 1710 1521 1744 suae
1538 1691 1758 1762 ,pondus
1783 1707 2079 1760 accesserat,

179 1802 228 1843 50
251 1779 394 1848 quod
431 1780 539 1849 ipse
573 1797 789 1850 quoque
814 1778 892 1830 vir
927 1791 1055 1830 esset
1087 1772 1473 1853 ecclesiasticus,-
1503 1792 1557 1830 et
1588 1793 1848 1856 quantum
1883 1780 1938 1832 in
1970 1793 2079 1832 tam

253 1864 450 1917 excelso
470 1867 713 1918 fortunae
737 1863 901 1934 gradu
922 1863 1033 1916 fieri
1054 1878 1247 1934 potest,
1271 1863 1626 1935 devotissimus
1646 1886 1660 1929 ;
1699 1866 1842 1918 cuius
1863 1885 2078 1919 conver-

202 1985 208 1988 «
259 1952 513 2004 sationem
550 1954 728 2021 fugere
764 1952 842 2004 vir
878 1951 1122 2003 honestus
1159 1951 1269 2002 sine
1305 1964 1428 2003 nota
1464 1951 1733 2021 superbiae
1767 1952 1854 2005 vix
1889 1966 2076 2022 posset.

250 2038 473 2090 Proinde
518 2038 662 2108 quod
711 2038 839 2090 mihi
887 2036 1122 2090 luctandi
1178 2055 1317 2089 nunc
1372 2037 1530 2089 etiam
1586 2037 1915 2108 negandique
1969 2039 2076 2092 vim

252 2124 540 2190 abstulerit,
580 2125 676 2177 etsi
727 2123 1065 2178 verecundius
1116 2123 1322 2175 silentio
1371 2137 1712 2193 premeretur,
1758 2124 1856 2177 tibi
1901 2138 2078 2178 tamen

178 2211 473 2274 55‘tacitum
512 2211 690 2264 nolim.
768 2211 914 2263 Dum
959 2211 1098 2263 enim
1140 2209 1484 2281 scrupulosius
1515 2228 1815 2281 quaererem
1847 2210 1977 2282 quid
2014 2230 2078 2263 ex

250 2316 335 2349 me
371 2297 545 2363 vellet,
586 2316 706 2350 cum
748 2297 814 2349 ad
858 2296 988 2349 nihil
1025 2314 1205 2348 eorum
1243 2295 1431 2366 quibus
1477 2315 1626 2366 egere
1665 2295 1875 2349 videtur
1925 2310 2077 2367 aptus

251 2402 408 2435 essem
444 2397 534 2435 aut
571 2383 863 2453 disposituS,
903 2382 1032 2434 nihil
1069 2402 1131 2434 ex
1175 2400 1260 2434 me
1302 2381 1434 2435 velle
1470 2381 1754 2452 respondit,
1794 2382 1890 2435 nisi
1926 2402 2075 2453 prae-

249 2470 468 2522 sentiam
520 2488 688 2521 meam
739 2469 916 2535 solam,
957 2487 1059 2539 qua
1102 2487 1154 2520 se
1196 2486 1453 2539 suumque
1497 2468 1788 2521 dominium
1840 2468 2076 2524 crederet

250 2555 527 2607 honestari.
609 2555 710 2606 Hic
741 2557 909 2607 fateor
942 2554 1271 2607 humanitate
1306 2567 1451 2607 tanta
1482 2554 1648 2607 victus
1683 2553 1886 2620 erubui,
1917 2555 2074 2621 tacui,

178 2657 227 2696 60
251 2655 304 2693 et
359 2640 580 2693 tacendo
618 2641 847 2693 consensi
884 2660 973 2693 seu
1013 2640 1318 2692 consensisse
1361 2640 1492 2694 visus
1530 2659 1660 2693 sum.
1752 2640 1897 2701 Quid
1933 2641 2073 2696 enim

250 2742 432 2780 contra
463 2728 587 2779 haec
620 2727 843 2779 dicerem
881 2747 986 2781 non
1019 2727 1138 2793 fuit,
1164 2726 1245 2781 vel
1271 2740 1411 2779 certe
1430 2745 1542 2797 pon
1567 2726 1753 2797 adfuit.
1817 2725 1919 2780 Sed
1943 2727 2073 2798 quid

250 2818 390 2885 ago?
453 2813 589 2865 Tam
627 2813 777 2865 facile
814 2814 1017 2866 utinam
1058 2812 1214 2882 vulgo
1251 2811 1584 2883 persuadeam
1626 2832 1753 2880 ,vera
1798 2812 1924 2865 haec
1969 2831 2074 2878 esse

249 2918 406 2971 quam
430 2899 543 2953 tibi.
603 2899 953 2969 Quamquam,
973 2899 1045 2952 dii
1067 2898 1208 2964 boni,
1227 2898 1355 2969 quid
1372 2912 1447 2950 est
1468 2898 1611 2968 quod
1628 2912 1811 2968 optare
1835 2898 2068 2968 incipio?

248 2987 329 3040 An
370 2985 562 3037 oblitus
602 2985 855 3054 propositi
891 2986 995 3037 mei
1025 3003 1156 3051 sum,
1193 2984 1373 3054 vulgus
1405 2998 1465 3037 ut
1499 2984 1647 3051 libet,
1673 3003 1762 3037 nos
1798 2998 1859 3037 ut
1894 2983 2018 3037 licet
2050 2988 2070 3038 ἓ

175 3090 224 3141 65
249 3072 390 3126 Vale.
469 3070 779 3137 Mediolani,
821 3089 890 3122 vl.
935 3070 1193 3124 Kalendas
1235 3069 1569 3141 Septembris,
1609 3089 1830 3141 propere
1865 3069 2071 3123 silentio

249 3159 415 3210 noctis
440 3159 802 3226 intempestae.
868 3157 1056 3229 [1353]
