2242 3600
31 2786 33 2789 ,
16 2751 34 2762 ,·
3 2546 46 2740 imperf-r*

380 197 775 252 IOHANNI
834 199 1351 281 COLVMNAE-
1390 197 1890 252 CARDINALI
2024 214 2059 267 9

430 384 685 445 Iohanni
715 385 1025 445 Columnae
1056 386 1388 445 Cardinali.
1458 385 1624 445 Fam.
1657 385 1717 444 ii.
1756 402 1845 461 13.

270 509 324 561 N
346 508 446 561 hoc
474 529 593 561 ecce
613 510 923 580 Caprarum,
941 511 1106 562 immo
1122 530 1245 563 vero
1267 511 1480 563 leonum
1503 529 1561 562 ac
1582 508 1835 578 tigridum
1858 521 2061 573 monte,

269 595 509 666 quolibet
551 615 684 665 agno
730 596 912 648 mitior
950 597 1108 649 Vrsus
1149 598 1246 649 iste
1288 611 1408 649 tuus
1453 595 1678 660 habitat,
1710 594 2062 664 Anguillariae

214 700 404 746 comes,
438 696 641 734 amator
673 684 829 752 pacis,
863 684 973 735 sine
1006 683 1263 735 bellorum
1297 697 1463 748 metu,
1497 683 1637 734 inter
1669 681 1803 733 bella
1834 700 2060 747 securus,

214 786 322 819 non
353 768 466 820 sine
502 769 641 838 pacis
679 768 952 834 desiderio,
990 769 1351 839 hospitalitate
1386 768 1642 820 secundus
1679 768 1894 832 nemini,
1933 787 2058 820 con-

212 854 326 906 silio
346 854 541 923 vigens,
566 854 756 906 blande
778 875 998 919 severus,
1022 868 1076 906 et
1098 854 1263 923 rigide
1286 854 1539 923 benignus
1561 855 1616 905 in
1637 873 1771 918 suos,
1792 853 2059 905 Pieridum
2081 871 2104 912 5

212 941 652 1005 familiarissimus,
719 955 773 992 et
837 941 1204 993 excellentium
1268 941 1599 1009 ingeniorum
1664 940 1883 991 mirator
1957 940 2060 992 ele-

212 1027 542 1095 gantissimus
573 1047 631 1079 ac
660 1027 917 1080 laudator.
984 1028 1054 1078 Et
1083 1046 1257 1079 secum
1288 1046 1396 1078 non
1426 1026 1716 1091 adversum,
1747 1039 1808 1078 ut
1837 1025 1941 1091 ille,
1971 1025 2061 1078 sed

212 1114 524 1166 conveniens
565 1114 797 1167 moribus
838 1115 937 1166 suis
978 1134 1172 1166 nomen
1210 1115 1413 1178 sortita,
1453 1114 1624 1183 Agnes
1665 1114 1894 1165 coniunx
1934 1114 2059 1179 eius,

211 1200 612 1270 praeclarissima
649 1221 792 1253 soror
831 1216 939 1266 tua,
975 1202 1040 1253 de
1078 1221 1198 1272 qua,
1233 1215 1294 1253 ut
1340 1200 1406 1253 de
1437 1200 1757 1270 Carthagine
1790 1199 2059 1252 Sallustius

212 1287 303 1351 ait,
321 1283 471 1339 silere
488 1287 671 1339 melius
690 1302 825 1357 puto
843 1307 1002 1358 quam
1020 1306 1206 1357 parum
1225 1287 1413 1339 dicere.
1469 1286 1605 1339 Sunt
1623 1287 1763 1338 enim
1781 1285 2058 1356 quaedam,
2085 1307 2131 1336 10

211 1380 347 1444 quae
380 1373 742 1428 nullomelius
777 1374 937 1426 modo
972 1393 1131 1444 quam
1164 1388 1379 1444 stupore
1412 1387 1466 1424 et
1498 1373 1706 1424 silentio
1738 1372 2057 1437 laudantur3
2130 1432 2136 1436 ,

211 1459 402 1511 horum
447 1479 510 1511 ex
551 1480 740 1529 genere
782 1479 926 1512 soror
970 1474 1061 1512 tua
1105 1474 1197 1512 est.
1277 1460 1396 1511 Hoc
1441 1478 1652 1510 concors
1697 1472 1751 1510 et
1794 1459 1925 1510 mite
1967 1477 2062 1528 par

213 1546 516 1615 conjugum,
550 1566 644 1599 ceu
677 1567 810 1599 rosas
844 1561 935 1599 aut
967 1547 1090 1612 lilia,
1126 1546 1352 1598 totidem
1386 1545 1565 1598 notavi
1596 1546 1735 1597 inter
1766 1546 1969 1615 spineta
2002 1565 2061 1599 ac

214 1631 435 1684 tribulos
487 1633 767 1698 odiorum3
841 1634 1031 1686 horum
1085 1635 1340 1687 suavitate
1391 1648 1684 1704 utcumque
1736 1633 2058 1703 reliquorum

215 1732 544 1789 temperatur
573 1721 837 1790 asperitas.
2083 1741 2128 1784 15

279 1804 509 1857 Accessit
561 1805 766 1858 divinus
817 1821 871 1870 et
921 1807 1189 1876 singularis
1240 1808 1335 1871 vir,
1389 1806 1608 1858 Iacobus
1661 1805 1726 1858 de
1776 1805 2056 1870 Columna,

213 1891 596 1944 Lomberiensis
640 1893 943 1963 EpiScopuS‚
987 1913 1261 1963 germanus
1306 1907 1444 1958 tuuS,
1490 1893 1555 1945 ad
1597 1912 1756 1964 quem
1800 1912 1922 1945 cum
1965 1892 2056 1944 ad-

211 1992 398 2031 ventus
431 1979 535 2030 mei
567 1980 817 2031 nuntium
849 1981 1221 2049 praemisissem
1254 1999 1349 2050 per
1377 1981 1595 2044 litteras,
1629 1979 1760 2050 quid
1791 1998 1876 2032 me
1908 1999 2057 2049 agere

211 2064 368 2116 vellet
400 2065 742 2134 interrogans,
771 2067 1021 2135 quoniam
1057 2067 1417 2119 obsidentibus
1449 2085 1626 2118 omnes
1666 2065 1835 2118 aditus
1872 2064 2056 2117 domus

213 2165 335 2204 tuae
360 2150 615 2216 hostibus,
639 2171 745 2203 non
767 2166 888 2204 tuto
909 2152 1124 2205 videbar
1144 2154 1367 2205 Romam
1388 2154 1670 2224 petiturus,
1691 2152 1950 2223 rescripsit
1969 2151 2058 2203 ille
2078 2179 2127 2207 20

212 2239 604 2308 congratulatus
639 2238 908 2304 adventui,
943 2254 996 2291 et
1030 2254 1326 2310 exspectare
1357 2240 1578 2304 iubens;
1621 2240 1905 2310 paucisque
1936 2254 2056 2310 post

214 2326 395 2378 diebus
423 2345 466 2378 a.
492 2324 542 2378 d.
573 2344 666 2377 vn.
694 2326 954 2379 Kalendas
976 2326 1246 2379 Februarii
1267 2326 1439 2379 adfuit
1460 2346 1582 2378 cum
1605 2326 1874 2396 Stephano
1894 2329 2056 2378 fratre

212 2413 583 2484 primogenito,
610 2413 754 2464 cuius
781 2414 939 2465 etiam
964 2413 1129 2466 virtus
1155 2414 1360 2479 eximia,
1386 2433 1572 2483 magna
1596 2413 1812 2484 quidem
1838 2415 2055 2466 materia

211 2514 394 2553 vatum
434 2513 511 2552 est
533 2521 547 2564 ;
609 2519 780 2570 neque
821 2500 1040 2569 amplius
1080 2519 1240 2570 quarn
1282 2514 1498 2552 centum
1539 2501 1748 2552 armatis
1788 2500 2053 2571 equitibus

210 2586 431 2656 stipatus
477 2599 720 2655 uterque,
767 2605 873 2637 non
918 2586 1026 2637 sine
1070 2587 1423 2656 spectantium
1469 2587 1683 2639 horrore
1730 2587 2054 2652 transiverat,
2077 2615 2123 2657 25

211 2692 333 2725 cum
374 2673 688 2743 quingentos
729 2687 783 2724 et
823 2692 885 2724 eo
925 2673 1145 2743 amplius
1185 2673 1280 2726 sub
1320 2674 1553 2726 hostium
1592 2674 1745 2744 signis
1787 2694 1890 2726 esse
1929 2694 2054 2727 con-

210 2774 389 2813 staret.
463 2759 565 2812 Sed
601 2780 659 2811 ea
695 2779 829 2830 quae
863 2780 1013 2830 saepe
1050 2760 1246 2813 bellum
1282 2761 1513 2826 conficit,
1549 2763 1686 2813 fama
1723 2760 1919 2813 ducum
1955 2762 2057 2814 iter

211 2833 481 2901 straverat.
543 2847 683 2899 Cum
710 2846 787 2898 his
815 2866 910 2915 ego
937 2866 1078 2898 nunc
1103 2848 1359 2916 generosis
1386 2847 1653 2918 spiritibus
1678 2847 1880 2912 habito,
1908 2861 2056 2900 tanta

155 2957 160 2960 ·
212 2933 492 2986 dulcedine
530 2948 591 2985 ut
627 2953 778 3003 saepe
814 2933 937 2985 alibi
974 2953 1133 3004 quam
1170 2935 1226 2986 in
1264 2935 1411 2987 terris
1450 2955 1553 2988 esse
1588 2934 1782 3000 videar,
1821 2954 1916 2986 nec
1952 2935 2055 2986 iam

214 3021 437 3073 Romam
465 3040 782 3091 magnopere
810 3021 1090 3091 requiram.
1156 3021 1358 3073 Ibimus
1391 3036 1587 3087 tamen,
1614 3021 1850 3092 quamvis
1881 3020 2055 3073 denuo
2074 3051 2125 3091 30

215 3107 461 3160 dicantur
498 3107 773 3160 adversarii
812 3107 1042 3159 reditum
1080 3107 1135 3158 in
1174 3107 1359 3159 urbem
1399 3108 1686 3160 accuratius
1725 3107 2053 3161 obstruxisse.

212 3194 358 3247 Vale.
419 3193 469 3265 [1
480 3194 620 3266 337.]
