2242 3600
848 171 1411 226 TALARANDO
1986 190 2051 245 ῃ

327 351 658 411 Ταῖαναηᾶο
690 349 800 429 Ep.
836 347 1061 408 Albano
1093 360 1153 406 et
1188 347 1448 407 Guidoni
1478 347 1588 427 Ep.
1624 346 1926 407 Portuensi

665 445 1100 506 Cardinalibus.
1173 445 1339 504 Fam.
1371 445 1489 505 xvi.
1527 463 1577 504 1.

288 574 314 627 Ῑ
365 574 452 626 ille
512 570 1028 640 Carthaginiensium
1089 570 1289 639 primus
1355 583 1542 635 terror,
1592 569 1807 622 Marcus
1861 568 2052 620 Atilius

288 660 534 730 Regulus,
563 675 814 727 magnum
840 670 896 708 et
923 674 1111 725 anceps
1147 656 1203 707 in
1229 655 1407 707 Africa
1433 655 1752 726 reipublicae
1779 655 2053 724 negotium

196 767 394 815 gerens,
429 763 635 798 causam
668 764 696 795 a
727 756 912 795 senatu
945 741 1208 812 petendae
1240 743 1491 794 missionis
1524 742 1667 793 illam
1700 761 1807 794 non
1840 741 2054 794 erubuit

195 834 384 885 litteris
423 834 662 895 inserere,
701 828 848 899 quod
886 828 1086 881 villicus
1123 847 1261 893 suus,
1301 830 1393 898 qui
1432 848 1597 899 pauca
1632 829 1731 880 sibi
1767 828 2055 881 suburbani

199 921 306 988 agri
344 920 523 987 iugera
567 916 820 980 coluerat,
863 914 1176 980 decessisset,
1215 915 1347 985 quid
1387 915 1688 967 erubescam
1727 934 1824 984 ego
1862 915 2054 985 privati

199 1006 485 1069 modicum,
517 1003 718 1074 publici
749 1002 948 1071 negotii
979 1001 1110 1053 nihil
1141 1021 1311 1070 agens,
1344 1022 1372 1054 a
1401 1002 1564 1067 vobis,
1595 1002 1867 1071 geminum
1898 1001 2053 1054 decus

198 1092 471 1156 Ecclesiae,
500 1091 798 1142 missionem
823 1088 1060 1157 flagitare
1086 1088 1307 1140 eandem
1335 1087 1403 1140 ob
1431 1107 1655 1154 causam,
1683 1088 1880 1158 quod
1854 1088 2054 1153 villicus

198 1194 412 1252 quoque
447 1193 590 1226 meus
626 1173 772 1226 vobis
809 1192 917 1224 non
951 1173 1180 1241 ignotuS,
1218 1173 1311 1242 qui
1346 1173 1477 1224 mihi
1512 1191 1678 1243 pauca
1711 1171 1900 1223 itidem
1934 1172 2055 1223 sicci

199 1263 329 1314 ruris
360 1263 537 1331 iugera
559 1246 792 1324 colebat,
824 1259 1071 1310 hesterno
1102 1258 1188 1310 die
1217 1258 1352 1310 obiit
1376 1262 1394 1311 ?
1463 1259 1655 1328 Neque
1684 1259 1826 1310 enim
1855 1277 2054 1323 vereor,

199 1369 265 1401 ne
308 1349 423 1418 quis
467 1361 700 1400 vestrum
745 1365 886 1398 nunc
931 1346 1062 1397 mihi
1106 1345 1437 1416 respondeat,
1483 1345 1630 1415 quod
1675 1359 1804 1397 tunc
1847 1359 2054 1397 senatus

199 1435 383 1499 Atilio,
411 1435 699 1504 iubeatque
730 1433 930 1502 coeptis
962 1433 1215 1497 insistere,
1244 1446 1298 1484 et
1329 1433 1385 1484 in
1420 1451 1473 1484 se
1499 1451 1679 1484 curam
1707 1432 1898 1483 deserti
1925 1433 2055 1484 ruris

200 1523 442 1592 excipiat.
528 1519 672 1572 Illius
722 1520 863 1571 enim
912 1538 1033 1588 ager
1079 1518 1278 1570 Romae
1325 1532 1473 1583 erat3
1543 1537 1688 1570 meus
1736 1517 1803 1570 ad
1849 1520 2055 1570 fontem

201 1608 410 1677 Sorgiae
433 1627 540 1660 non
563 1607 659 1658 ni‘si
682 1606 831 1658 tenui
853 1605 998 1659 vobis
1022 1606 1262 1674 cognitus
1285 1607 1425 1657 fama
1445 1605 1605 1658 locus,
1664 1605 1886 1657 Accedit
1909 1605 2055 1675 quod

200 1696 365 1747 maior
396 1693 655 1764 quaedam
688 1693 819 1744 mihi
850 1691 1215 1744 sollicitudinis
1247 1711 1398 1745 causa
1429 1707 1543 1757 est3
1597 1711 1770 1762 neque
1801 1693 1960 1757 enim,
1994 1708 2056 1746 ut

198 1783 317 1847 ille,
339 1781 570 1833 incultae
608 1794 820 1832 tantum
859 1778 1035 1832 telluri
1071 1780 1350 1850 prospicio,
1382 1779 1472 1831 sed
1508 1781 1644 1832 sicut
1681 1779 1813 1831 alter
1847 1779 2057 1832 Africae

201 1869 431 1932 malleus,
487 1867 699 1919 Gnaeus
755 1866 948 1936 Scipio,
1004 1886 1066 1917 ex
1118 1867 1401 1936 Hispaniis,
1456 1867 1548 1919 ubi
1601 1866 1893 1918 felicissime
1945 1886 2056 1918 rem

202 1955 435 2025 gerebat,
479 1954 777 2005 missionem
818 1953 1078 2023 poposcit,
1120 1952 1266 2023 quod
1308 1952 1481 2004 deesse
1522 1953 1720 2005 diceret
1762 1953 1897 2005 filiae
1936 1972 2057 2005 suae

204 2043 405 2106 dotem,
440 2042 511 2092 sic
548 2060 645 2110 ego
680 2055 741 2092 ut
778 2040 1006 2092 duorum
1040 2039 1509 2093 illustrissimorum
1546 2041 1743 2093 ducum
1779 2055 1966 2093 coeant
2001 2042 2056 2093 in

202 2149 287 2181 me
333 2147 500 2181 unum
548 2147 746 2192 causae,
779 2127 1149 2198 leiothecae
1195 2146 1358 2192 meae,
1407 2146 1567 2197 quam
1615 2128 1746 2179 mihi
1792 2129 1848 2180 in
1895 2127 2056 2180 filiam

203 2216 469 2286 adoptavi,
496 2215 668 2267 sentio
694 2214 867 2266 deesse
892 2213 1183 2267 custodem.

272 2302 397 2354 Fuit
428 2302 570 2353 enim
600 2301 801 2354 villicus
834 2320 977 2353 meus
1011 2302 1221 2370 agrestis
1253 2302 1431 2367 homo,
1457 2301 1548 2353 sed
1578 2301 1694 2371 plus
1725 2321 1886 2372 quam
1917 2302 2057 2354 civili

201 2389 533 2459 providentia
566 2402 621 2440 et
654 2388 957 2440 urbanitate
989 2388 1269 2454 conditus;
1324 2403 1460 2459 puto
1492 2388 1698 2440 nullum
1731 2388 1822 2440 illo
1854 2388 2058 2440 fidelius

203 2475 394 2527 animal
434 2490 572 2527 terra
610 2475 854 2545 protulit.
930 2475 1077 2534 Quid
1115 2475 1330 2528 multa?
1407 2475 1667 2527 Omnium
1715 2476 2057 2545 iniquitatem

202 2562 586 2633 perfidiamque
631 2581 918 2626 servorum,
969 2561 1035 2613 de
1081 2580 1185 2631 qua
1233 2581 1341 2614 non
1387 2562 1557 2614 solum
1606 2562 1849 2632 quotidie
1895 2561 2058 2614 verbo

206 2668 416 2719 queror,
455 2648 546 2700 sed
582 2650 780 2719 scripto
818 2648 1139 2719 quandoque
1176 2649 1336 2700 etiam
1375 2663 1588 2719 questus
1625 2667 1759 2714 sum,
1798 2648 1886 2700 ille
1923 2667 2057 2700 unus

205 2734 310 2786 fide
349 2735 607 2804 aequabat
636 2754 694 2786 ac
725 2734 1056 2805 temperabat
1085 2735 1289 2786 eximia.
1357 2735 1547 2805 Itaque
1577 2749 1755 2787 totum
1785 2753 1870 2786 me
1897 2734 1972 2787 illi
2002 2749 2056 2787 et

207 2841 283 2874 res
314 2840 452 2873 meas
465 2821 746 2892 librosque
775 2841 972 2886 omnes,
1004 2840 1132 2891 quos
1162 2822 1217 2873 in
1246 2821 1430 2873 Galliis
1458 2822 1644 2887 habeo,
1676 2823 2054 2887 commiseram,

205 2925 436 2976 cumque
463 2907 631 2958 omnis
660 2908 860 2976 generis
888 2907 1220 2960 voluminum
1248 2907 1418 2959 multa
1445 2909 1682 2972 varietaS,
1713 2922 1767 2959 et
1796 2908 2054 2978 quaedam

207 2994 283 3045 ibi
333 2993 682 3044 minutissima
730 2994 966 3045 maximis
1016 2994 1322 3046 intermixta
1371 3008 1557 3059 essent,
1609 3008 1770 3064 atque
1818 3014 1914 3063 ego
1965 2995 2055 3047 diu

2076 938 2101 979 5

2082 1371 2128 1398 10

2082 1807 2125 1846 15

2080 2245 2128 2270 20

2079 2677 2125 2717 25

208 3079 387 3131 absens
415 3078 735 3149 quandoque
760 3094 879 3150 post
907 3080 1195 3132 terminum
1221 3079 1502 3145 rediissem,
1531 3079 1663 3131 nihil
1688 3099 1923 3150 unquam
1950 3100 2056 3132 non
2078 3112 2127 3150 30

206 3165 367 3217 modo
401 3179 658 3231 amotum,
690 3166 782 3217 sed
815 3185 881 3217 ne
912 3165 1029 3217 loco
1062 3166 1279 3236 quidem
1312 3180 1522 3219 motum
1556 3167 1740 3236 reperi.
1811 3167 1937 3218 Erat
1970 3166 2057 3218 ifle

205 3253 316 3304 sine
365 3252 556 3304 litteris
609 3253 990 3324 amantissimus
1041 3252 1358 3318 litterarum⁴
1411 3267 1466 3305 et
1516 3252 1693 3318 libros,
1746 3271 1874 3325 quos
1927 3254 2059 3306 mihi

188 3334 294 3342 ww?
