2242 3600
915 176 1307 232 SOCRATI
1935 193 2030 246 137

188 323 274 357 me
298 306 583 375 spirantem
610 307 749 358 inter
776 325 859 358 eos
890 306 1111 357 tacitum
1139 304 1347 369 efficiet,
1377 323 1498 356 cum
1526 303 1714 374 quibus
1743 323 1832 356 ore
1856 304 2030 373 gelido

185 389 524 462 sepultusque
550 393 695 462 loqui
722 391 897 462 cogito
924 395 942 443 ?

255 475 396 528 Hinc
458 497 577 530 sane
640 498 748 530 non
800 496 974 530 rerum
1028 476 1118 528 sed
1174 490 1475 547 temporum
1530 476 1787 528 rationem
1849 475 2027 528 habui.

183 561 396 635 &aeter
428 563 517 616 has
552 565 692 616 enim
726 563 934 616 ultimas
964 562 1231 632 geteribus
1264 563 1534 633 inscriptas
1555 561 1856 629 ,ssflufitl’ibus
1889 562 2028 627 viris,

186 667 311 718 quas
356 664 575 720 propter
617 650 1018 702 similitudinem
1064 650 1313 702 novitatis
1359 650 1520 701 sciens
1566 666 1733 700 unum
1776 647 1931 700 simul
1974 649 2030 700 in
2052 670 2100 711 ²5

184 735 361 787 locum
387 737 607 802 contuli,
630 758 688 791 ac
712 750 919 807 praeter
943 737 1168 806 primam
1195 755 1328 806 quae
1354 736 1553 790 dictata
1576 736 1733 787 serius
1759 734 2028 805 praevenit

185 823 402 875 comites
444 838 498 876 et
539 825 715 876 locum
757 824 1092 894 praefationis
1134 822 1391 888 obtinuit,
1435 837 1605 875 cetera
1648 840 1813 892 paene
1853 821 2028 873 omnia

184 909 608 980 Q„{Rssfiderassj
631 910 824 980 scripta
846 925 970 962 sunt
995 909 1209 970 ordine-2
1256 910 1340 962 Ita
1364 910 1505 962 enim
1529 924 1583 962 et
1607 929 1899 980 progressus
1924 910 2027 961 mei

181 994 366 1047 seriem
401 996 462 1062 (si
495 1015 553 1047 ea
586 998 724 1048 forte
757 1015 880 1048 cura
912 996 1393 1066 fuerit),„v;itaeque
1430 1015 1638 1048 cursum
1658 995 1838 1060 sslector
1868 994 2026 1047 intel-

179 1079 325 1149 liget.
361 1133 363 1135 ,
394 1081 460 1133 Ι11
491 1082 679 1152 quibus
711 1084 897 1148 fateor,
931 1102 996 1135 ne
1027 1071 1185 1135 semel
1216 1082 1357 1134 dicta
1388 1070 1698 1153 repeterem,
1732 1082 1915 1153 bisque
1945 1081 2026 1134 vel
2049 1095 2100 1132 30

179 1168 379 1237 saepius
407 1168 550 1220 idem
578 1189 848 1240 ponerem,
879 1168 1025 1241 quod
1052 1169 1306 1239 incipiens
1344 1169 1683 1239 promiseram
1714 1168 1780 1220 ad
1809 1168 2024 1238 plenum

179 1267 440 1322 praestare
485 1275 592 1307 non
636 1257 807 1326 potui.
887 1255 1046 1308 Volui
1092 1254 1327 1326 quidem,
1372 1254 1464 1306 sed
1509 1254 1803 1307 multitudo
1848 1273 2023 1307 rerum

179 1339 390 1393 obstitit
428 1343 751 1413 varietasque
787 1343 914 1413 ipsa,
954 1356 1007 1395 et
1046 1342 1290 1412 occupati
1327 1342 1541 1394 interim
1578 1342 1880 1412 intentique
1917 1341 2024 1393 aliis

180 1427 340 1479 animi
379 1427 610 1481 violenta
651 1429 937 1482 distractio,
1015 1430 1174 1481 Nunc
1215 1429 1466 1500 quoniam
1507 1443 1562 1481 et
1602 1429 1726 1481 hinc
1766 1428 2023 1482 calamum

179 1513 348 1566 multa
388 1516 775 1570 circumsonant
817 1531 977 1588 atque
1017 1518 1073 1570 in
1114 1517 1375 1573 diversum
1416 1531 1625 1583 vocant,
1667 1532 1722 1570 et
1762 1530 2023 1589 quantum
2046 1529 2093 1570 35

109 1659 116 1665 ,
177 1601 317 1654 vitae
350 1617 510 1656 restet
541 1604 805 1657 incertum
838 1604 1024 1671 habeo,
1059 1619 1113 1657 et
1146 1605 1231 1657 hic
1262 1604 1396 1657 liber
1427 1605 1548 1657 satis
1581 1604 1763 1669 crevit,
1799 1623 1893 1656 nec
1928 1604 2022 1656 nisi

175 1687 301 1740 iusti
334 1688 612 1743 voluminis
647 1705 789 1744 meta
823 1691 1228 1757 transcenditur,
1261 1691 1494 1762 plurium
1528 1710 1689 1762 capax
1722 1705 1834 1756 est3
1889 1710 2023 1762 quae

175 1774 329 1828 huius
362 1776 578 1848 quidem
611 1779 810 1848 generis
842 1780 1035 1850 scripta
1067 1779 1171 1831 iam
1204 1792 1526 1850 supererant,
1561 1779 1638 1831 his
1673 1777 1844 1831 avulsa
1878 1792 2022 1831 extra

175 1863 415 1916 ordinem
462 1865 594 1931 alioj
633 1866 865 1937 quodam
922 1866 1106 1936 digessi
1157 1865 1441 1920 volumine.
1543 1866 1692 1926 Quae
1749 1865 2021 1918 scribenda
2033 1867 2059 1921 ἴ
2074 1871 2116 1912 1222
2128 1875 2236 1921 wia}

176 1962 372 2016 autem,
403 1950 444 2003 si
476 1951 606 2022 quid
638 1953 742 2005 tale
773 1973 913 2006 nunc
945 1954 1104 2006 etiam
1134 1972 1250 2006 sum
1279 1952 1683 2023 scripturushab
1715 1943 2020 2016 aetatejiam
2042 1946 2242 2006 45:04-

175 2055 370 2090 nomen
422 2038 686 2106 habitura,
742 2060 912 2093 rursus
956 2041 1077 2114 9210„
1122 2042 1337 2095 venient
1390 2039 1680 2093 claudenda
1733 2038 2018 2105 volumine,

173 2123 386 2192 quando
418 2139 472 2178 et
503 2146 592 2179 vos
624 2147 686 2179 eo
718 2128 836 2180 estis
869 2129 1062 2194 anim0,
1093 2127 1307 2194 sodales,
1340 2142 1402 2180 ut
1434 2146 1612 2180 meum
1644 2125 1844 2197 aliquid
1874 2125 2018 2179 vobis

171 2210 410 2263 subtrahi
443 2213 654 2278 nolitis3
710 2229 764 2267 et
799 2235 894 2285 ego
927 2215 1000 2267 ita
1033 2234 1149 2268 sum
1182 2230 1244 2268 ut
1277 2228 1400 2268 vota
1433 2228 1601 2267 vestra
1633 2233 1838 2284 semper
1871 2227 2016 2292 ante-

171 2298 416 2367 ponenda
436 2300 562 2352 meis
585 2300 806 2354 arbitrer
826 2343 838 2354 .
864 2343 875 2354 .
901 2343 913 2355 .
973 2301 1078 2373 [He
1104 2303 1248 2374 hopes
1275 2302 1386 2354 that
1411 2302 1470 2354 he
1496 2301 1603 2354 will
1627 2314 1710 2353 not
1734 2301 1790 2353 be
1819 2300 2020 2370 thought

173 2396 218 2436 to
242 2383 297 2436 be
319 2404 405 2438 one
428 2387 486 2456 of
502 2387 630 2440 those
653 2388 757 2440 who
779 2389 922 2460 enjoy
946 2389 1058 2459 only
1085 2389 1214 2442 their
1236 2408 1340 2441 own
1362 2387 1559 2459 works.]
1615 2386 1759 2440 Vale.
1819 2386 2020 2459 [1361.]
2041 2395 2089 2436 45

279 2602 318 2660 I
320 2624 356 2660 n
387 2603 678 2684 Epistolas
710 2606 922 2666 Rerum
955 2607 1233 2667 Senilium
1265 2609 1345 2667 ad
1376 2608 1720 2669 Simonidem
1751 2631 1912 2669 suum

750 2700 1071 2780 Praefatio.
1142 2702 1268 2762 Sen.
1301 2703 1338 2762 i.
1378 2722 1427 2763 1.

167 2820 441 2950 OLIM
495 2821 696 2876 Socrati
741 2842 860 2876 meo
905 2824 1129 2877 scribens
1177 2840 1388 2896 questus
1436 2846 1594 2893 eram,
1642 2826 1787 2898 quod
1834 2829 2015 2881 aetatis

295 2907 447 2961 huius
497 2928 658 2962 annus
708 2910 797 2963 ille
841 2929 1156 2964 MCCCXLVHI
1205 2913 1447 2967 omnibus
1488 2933 1572 2966 me
1611 2934 1777 2985 prope
1822 2914 2014 2968 solatiis

166 2993 307 3047 vitae
331 2995 619 3048 amicorum
645 2997 903 3050 mortibus
928 2998 1192 3068 spoliasset
1214 3021 1229 3065 3
1275 3020 1383 3072 quo
1409 3000 1604 3067 dolore,
1631 3020 1752 3053 nam
1778 3002 2013 3068 memini,

167 3081 436 3151 questibus
469 3096 522 3134 et
549 3082 774 3135 lacrimis
805 3099 997 3136 cuncta
1027 3085 1427 3156 compleveram.
1494 3087 1640 3148 Quid
1670 3108 1810 3140 nunc
1840 3088 2013 3158 primo

166 3181 222 3220 et
255 3169 570 3238 sexagesimo
595 3170 782 3222 faciam
818 3190 973 3237 ann0,
1012 3172 1103 3244 qui
1138 3191 1260 3225 cum
1296 3188 1812 3242 cetera‚ornamenta
1847 3176 2012 3227 ferme
2034 3188 2058 3228 5

167 3255 361 3320 01111113,
392 3269 508 3308 tum
536 3255 592 3307 id
620 3256 766 3327 quod
794 3257 1113 3311 carissimum
1140 3260 1464 3332 unicumque
1491 3261 1652 3315 habui
1680 3263 1851 3333 ipsum
1881 3262 2010 3314 mihi
