2242 3600
566 172 900 227 IACOBO
955 173 1545 229 FLORENTINO
1883 193 1975 246 107

135 303 293 358 Nunc
324 325 447 375 ergo
477 307 580 358 iam
614 306 828 359 tandem
853 306 1040 359 Cicero
1066 321 1187 359 tuus
1212 306 1387 359 volens
1414 322 1468 359 et
1494 327 1612 360 meo
1638 309 1851 360 nomine
1876 307 1975 359 tibi

132 393 322 461 gratias
348 407 556 446 acturus
582 393 648 444 ad
675 407 729 445 te
754 392 908 445 redit.
971 392 1121 445 Idem
1149 393 1289 463 apud
1315 413 1400 446 me
1426 414 1531 446 non
1557 395 1751 446 invitus
1778 408 1975 458 manet,

132 478 218 530 cui
247 478 347 530 hoc
378 479 704 531 familiariter
733 480 1014 549 imputem,
1046 479 1176 532 nulli
1208 482 1316 532 fere
1348 481 1587 532 omnium
1618 481 1711 551 qui
1741 498 1975 550 unquam

132 565 450 636 scripserunt
491 585 576 617 me
617 579 827 618 tantum
867 566 1021 618 fuisse
1063 565 1328 631 daturum,
1371 582 1431 619 ut
1471 568 1610 619 inter
1651 581 1734 619 tot
1774 566 1975 634 aculeos
1998 582 2048 620 60

132 651 480 704 humanarum
512 651 887 704 difficultatum
917 671 1046 722 quos
1075 672 1280 722 prorsus
1311 668 1556 705 excutere
1586 673 1807 723 nequeo,
1837 653 1976 704 inter

134 751 217 789 tot
241 723 536 806 studiorum
562 757 725 802 curas,
753 737 818 789 ad
843 757 967 807 quas
992 737 1146 807 longa
1171 739 1329 789 etiam
1357 738 1523 791 brevis
1548 727 1625 791 est
1649 739 1773 803 vita,
1800 737 1976 790 alienis

103 810 116 906 l.
135 823 535 876 transcribendis
591 837 798 894 tempus
852 823 1230 894 impenderem.
1324 825 1444 876 Feci
1499 827 1637 877 forte
1691 823 1817 876 olim
1873 822 1976 876 tale

108 911 111 930 ²
133 909 348 979 aliquid,
373 909 501 962 dum
525 909 657 961 clam
679 910 902 962 labentis
903 911 1176 992 'tr-emporis
1202 911 1363 963 ditior
1386 911 1618 976 videbar,
1642 931 1775 981 quae
1799 925 1977 962 tamen

133 996 504 1048 incertissimae
551 997 790 1049 omnium
838 998 1298 1068 fugacissimaeque
1348 998 1562 1051 divitiae
1608 1012 1731 1050 sunt
1754 1018 1768 1062 ;
1837 1016 1977 1049 nunc
2000 1011 2048 1062 65

135 1096 315 1152 aperte
345 1102 423 1134 res
453 1083 507 1134 in
539 1097 820 1152 angustum
852 1083 1079 1149 desinit3
1131 1105 1237 1136 non
1269 1099 1346 1137 est
1381 1085 1602 1154 vagandi
1639 1084 1797 1137 locus.
1865 1084 1978 1136 Iam

133 1167 442 1222 necessariae
469 1170 782 1240 utinamque
809 1190 916 1223 non
943 1191 1083 1223 serae
1109 1172 1454 1242 parsimoniae
1481 1186 1690 1253 tgmpus
1718 1185 1812 1223 est.
1876 1170 1980 1222 Sed

133 1257 269 1309 tanti
307 1257 441 1309 visus
482 1271 559 1309 est
598 1257 804 1323 Cicer0,
845 1258 929 1310 cui
971 1259 1129 1310 etiam
1171 1258 1236 1310 de
1276 1259 1496 1311 minimo
1535 1271 1740 1332 partem
1782 1257 1977 1309 darem.

107 1342 278 1406 .Vale·
340 1342 542 1414 [1355]

505 1557 746 1618 Zenobio
776 1558 1122 1618 Florentino,
1207 1558 1372 1618 Fam.
1405 1559 1522 1618 xix.
1558 1577 1611 1618 2.

243 1687 479 1740 EMPVS
521 1688 675 1741 breve
714 1708 963 1759 magnum
997 1690 1256 1742 scribendi
1289 1690 1602 1743 desiderium
1632 1704 1893 1760 angustat,
1924 1703 1977 1741 et

244 1774 481 1828 ardorem
536 1777 696 1828 animi
749 1777 1073 1847 praegelidus
1127 1797 1212 1830 aer
1266 1780 1453 1830 frenat.
1560 1777 1682 1830 Sine
1735 1776 1977 1847 exemplo

133 1880 295 1914 annus
334 1876 428 1928 est,
468 1877 521 1915 et
561 1863 747 1915 bruma
784 1864 995 1916 horrida
1032 1864 1189 1934 vulgo
1227 1865 1330 1916 iam
1369 1885 1534 1935 paene
1571 1865 1627 1916 in
1665 1863 1977 1918 miraculum

132 1961 310 2019 atque,
355 1963 416 2001 ut
470 1949 572 2002 dici
622 1950 772 2016 solet,
815 1951 871 2002 in
923 1950 1226 2021 religionem
1274 1952 1516 2004 vertitur.
1595 1951 1646 2004 O
1692 1950 1976 2022 tranquilla

132 2035 464 2107 Parthenope
494 2051 548 2089 et
579 2039 777 2107 magnis
808 2038 1027 2107 ingeniis
1057 2038 1268 2091 laudata
1298 2038 1605 2109 Campania,
1637 2052 1870 2091 vestrum
1902 2051 1980 2090 est
2000 2065 2024 2107 5

135 2122 281 2192 quod
306 2123 379 2175 ait
405 2123 562 2176 Maro
586 2145 597 2177 ε
647 2125 660 2149 ‘
683 2125 788 2177 Ver
814 2124 1075 2177 assiduum
1103 2139 1263 2196 atque
1289 2125 1465 2177 alienis
1491 2125 1754 2177 mensibus
1781 2125 1979 2177 aestas.’

135 2207 209 2261 At
234 2211 474 2279 profecto
500 2230 606 2262 non
633 2210 748 2263 talis
773 2211 882 2281 ipsa
906 2210 1168 2283 loquentis
1195 2225 1380 2277 mater,
1407 2211 1631 2281 glacialis
1656 2211 1902 2277 Mantua,
1925 2225 1979 2263 et

134 2295 450 2365 importunis
475 2297 754 2367 frigoribus
782 2317 1040 2368 oppressa,
1069 2298 1363 2369 nivosisque
1388 2298 1606 2369 Alpium
1633 2312 1686 2350 et
1712 2297 1980 2368 Apennini

135 2378 267 2447 iugis
290 2378 488 2432 obsessa
511 2380 741 2450 Liguria.
802 2381 1137 2451 Quamquam
1160 2401 1396 2451 praesens
1420 2401 1602 2447 annus,
1626 2381 1718 2451 qui
1742 2381 1982 2434 novitate

136 2465 215 2517 sui
243 2467 496 2519 attonitos
526 2467 684 2519 etiam
711 2487 854 2520 senes
882 2467 1061 2533 habet,
1091 2468 1262 2520 nescio
1290 2488 1355 2520 an
1383 2467 1583 2539 aliquid
1610 2487 1790 2520 causae
1816 2487 1979 2520 secre-
2003 2491 2048 2519 ιο

139 2551 283 2603 tioris
327 2553 634 2619 ostenderit,
679 2554 825 2625 quod
867 2554 1064 2606 scilicet
1108 2574 1137 2606 e
1180 2554 1495 2607 Germaniae
1539 2554 1727 2607 finibus
1771 2555 1980 2607 veniens

140 2657 304 2713 novus
333 2638 519 2692 Caesar
546 2640 692 2693 coelo
720 2654 901 2693 nostro
927 2659 1080 2693 suum
1109 2642 1247 2693 forte
1275 2641 1436 2711 frigus
1464 2641 1737 2706 invexerit,
1768 2641 1912 2694 cuius
1941 2642 1980 2693 is

139 2724 278 2794 rigor
302 2739 396 2791 est,
422 2740 483 2778 ut
507 2727 640 2797 ipsos
665 2747 878 2798 quoque
903 2727 1193 2780 Germanos
1217 2728 1273 2779 in
1295 2742 1566 2798 stuporem
1591 2741 1761 2798 cogat.
1818 2727 1980 2780 Certe

104 2850 115 2883 s
140 2830 238 2881 ego
267 2811 456 2865 nudius
488 2813 673 2867 tertius
702 2815 978 2879 Mantuae,
1010 2832 1117 2884 quo
1147 2813 1213 2866 ad
1240 2814 1413 2885 ipsum
1443 2815 1716 2867 Caesarem
1747 2814 1978 2867 multum

96 2888 107 2934 ἕ
141 2913 351 2968 rogatus
395 2919 720 2967 accesseram,
765 2902 821 2953 in
865 2900 1106 2953 familiari
1150 2901 1413 2973 colloquio
1458 2921 1565 2973 quo
1593 2902 1848 2972 princeps
1892 2901 1980 2954 ille
2005 2926 2047 2966 ¹5

138 2985 459 3066 mitissimus,
493 2986 670 3057 lingua
704 3002 757 3040 et
792 2988 1022 3040 moribus
1058 3007 1165 3040 non
1198 2989 1369 3041 minus
1403 2988 1614 3041 Italicus
1649 3007 1808 3059 quam
1843 2988 1978 3040 Ger·

141 3090 342 3137 manuS,
377 3091 461 3124 me
500 3092 770 3144 nunquam
810 3074 1031 3126 antehac
1069 3089 1436 3145 praeterquam
1471 3075 1527 3127 in
1564 3075 1754 3127 litteris
1791 3074 1978 3141 visum,

139 3172 290 3223 saepe
320 3154 561 3223 dignatus
582 3169 610 3220 ξ
647 3156 718 3208 sic
748 3175 869 3209 eum
901 3156 1164 3209 dicentem
1195 3157 1387 3224 audivi,
1417 3158 1503 3210 vix
1530 3178 1582 3210 se
1612 3177 1845 3228 unquam
1878 3157 1981 3210 tale

140 3237 339 3310 aliquid
366 3241 421 3293 in
450 3241 733 3302 Germania
759 3243 983 3296 sensisse.
1048 3243 1151 3296 Cui
1178 3265 1274 3314 ego
1303 3244 1564 3315 respondi,
1594 3246 1732 3298 forte
1760 3244 1976 3297 coelitus
