2242 3600
453 183 1010 237 SANCTORVM
1066 184 1741 239 APOSTOLORVM
1951 189 2018 254 87

170 313 357 383 worthy
387 313 444 383 of
466 314 545 365 the
573 333 714 366 name
743 314 800 384 of
813 312 968 384 poet]
1030 313 1119 366 Tu
1147 315 1263 366 vive
1292 315 1513 367 feliciter
1543 329 1597 367 et
1628 315 1755 367 vale.
1819 315 1889 366 Et
1918 314 2014 365 nisi

172 398 271 451 tibi
308 399 457 451 aliter
492 400 720 466 videtur,
757 399 1030 470 epistolam
1066 400 1374 452 hodiernam
1410 402 1829 471 hesternamque,
1867 413 2011 470 post-
2038 422 2110 465 125

108 502 115 509 ’
171 504 330 555 quam
360 486 560 555 legeris,
595 487 753 538 mitte
783 486 1062 557 Neapolim
1095 486 1160 537 ad
1190 487 1490 540 Zenobium
1523 501 1778 552 nostrum,
1812 501 1874 539 ut
1904 488 2014 556 ipse

173 571 533 643 Barbatusque
557 592 719 638 meus,
741 573 782 624 si
807 575 978 624 forsan
1004 593 1033 624 e
1058 586 1217 643 portu
1245 573 1574 626 Sulmonensi
1598 574 2012 643 Parthenopaeas

170 660 384 730 repetiit
404 660 669 730 procellas,
680 661 848 726 risum
870 673 1107 712 nostrum
1111 660 1652 731 indignationemque
1673 661 2011 731 participent.

169 745 255 798 Ad
282 748 484 799 fontem
517 747 744 816 Sorgiae,
774 766 844 799 1v.
877 747 1000 799 Idus
1029 747 1253 817 Augusti
1281 747 1366 817 [13
1375 747 1477 818 52].

168 949 472 1011 Francisco
508 950 704 1009 Priori
739 951 1068 1010 Sanctorum
1107 950 1517 1032 Apostolorum.
1594 953 1758 1013 Fam.
1795 951 1918 1012 xiii.
1955 955 2010 1013 8.

267 1087 320 1139 D
374 1087 579 1137 fontem
636 1084 843 1155 Sorgiae
898 1100 1147 1138 aestatem
1203 1106 1333 1156 ago;
1397 1088 1500 1139 iam
1556 1087 1701 1158 quod
1753 1089 2008 1159 sequitur,

309 1173 472 1224 tacito
518 1191 603 1224 me
647 1172 788 1238 licet,
835 1173 1098 1242 intelligis,
1143 1173 1234 1224 sed
1277 1174 1319 1225 si
1363 1173 1510 1244 loqui
1555 1174 1719 1241 iubes,
1768 1175 2009 1228 brevibus

165 1259 454 1330 expediam.
520 1259 745 1330 Corpori
775 1278 893 1311 meo
924 1259 1121 1312 bellum
1155 1260 1338 1312 indixi.
1406 1261 1490 1313 Ita
1528 1280 1613 1313 me
1650 1260 1738 1313 ille
1778 1262 2007 1327 adiuvet,

128 1399 134 1404 ,
163 1345 274 1397 sine
306 1346 450 1397 cuius
483 1364 641 1415 opere
672 1346 1084 1412 succumberem,
1120 1360 1181 1398 ut
1213 1346 1351 1416 gula,
1387 1361 1448 1399 ut
1481 1361 1683 1413 venter,
1718 1362 1779 1400 ut
1811 1348 2007 1419 lingua,

164 1446 226 1484 ut
255 1452 399 1485 aures
427 1432 671 1502 oculique
699 1433 803 1484 mei
830 1452 981 1503 saepe
1009 1434 1139 1485 mihi
1168 1453 1275 1485 non
1303 1447 1443 1486 artus
1473 1435 1690 1505 proprii,
1719 1434 1810 1486 sed
1836 1435 2010 1487 hostes
2031 1455 2055 1496 5

163 1519 313 1590 impii
357 1519 621 1572 videntur.
703 1519 883 1571 Multa
929 1520 1144 1590 quidem
1190 1520 1312 1572 hinc
1358 1521 1489 1572 mihi
1534 1521 1669 1573 mala
1713 1522 2008 1592 provenisse

163 1607 398 1671 memini,
433 1606 737 1676 praesertim
771 1606 834 1658 ab
857 1607 1049 1672 oculiS,
1085 1608 1176 1677 qui
1211 1607 1277 1659 ad
1309 1626 1467 1660 omne
1499 1609 1869 1679 praecipitium
1903 1609 2007 1660 mei

163 1694 380 1745 fuerunt
407 1693 579 1745 duces.
640 1694 750 1744 Hos
776 1677 1123 1760 itaseonclusi,
1151 1708 1212 1746 ut
1237 1708 1444 1764 praeter
1469 1695 1692 1760 coelum,
1719 1709 1924 1747 montes
1950 1715 2007 1747 ac

163 1782 351 1845 fontes,
378 1781 486 1831 fere
510 1779 642 1831 nihil
665 1779 879 1832 videant
902 1801 915 1845 ;
962 1800 1068 1832 non
1094 1800 1296 1846 aurum,
1323 1801 1430 1833 non
1453 1801 1699 1851 gemmas,
1727 1802 1834 1834 non
1858 1782 2005 1847 ebur,

165 1886 272 1918 non
298 1885 605 1937 purpuram,
634 1886 741 1918 non
769 1886 947 1937 equos,
978 1868 1074 1920 nisi
1103 1868 1249 1934 duos,
1279 1888 1470 1939 eosque
1496 1870 1630 1939 ipsos
1659 1870 1885 1939 exiguos,
1914 1869 2007 1940 qui
2033 1889 2080 1918 10

163 1972 284 2005 cum
314 1954 471 2005 unico
500 1973 664 2023 puero
693 1953 771 2005 his
802 1973 886 2005 me
914 1954 1132 2007 vallibus
1163 1955 1594 2026 circumvectant.

230 2040 500 2092 Postremo
529 2039 719 2092 nullius
748 2060 968 2111 usquam
980 2041 1243 2119 emulieris,
1274 2042 1370 2094 nisi
1398 2042 1598 2095 villicae
1626 2061 1771 2095 meae
1799 2044 2004 2108 faciem,

166 2145 325 2199 quam
367 2128 407 2178 si
434 2127 624 2191 videaS,
653 2124 1278 2197 solitudinem—‘Libycam
1314 2143 1407 2181 aut
1441 2130 1814 2200 Aethiopicam
1849 2144 2004 2199 putes

164 2227 218 2265 te
247 2212 461 2277 videre3
514 2213 711 2265 aridam
742 2215 951 2284 penitus
983 2229 1037 2266 et
1068 2233 1187 2266 vere
1216 2215 1332 2267 solis
1366 2215 1430 2266 ab
1462 2215 1731 2269 ardoribus
1764 2216 2003 2269 adustam
2067 2244 2070 2246 ·

162 2301 367 2365 faciem,
407 2300 491 2352 cui
537 2300 668 2352 nihil
711 2301 909 2366 viroriS,
946 2301 1077 2354 nihil
1120 2302 1258 2355 succi
1297 2303 1449 2368 inest,
1490 2304 1676 2356 faciem
1718 2302 1926 2373 qualem
1963 2303 2005 2355 si
2029 2321 2075 2363 15

161 2385 420 2456 Tyndaris
455 2386 735 2452 habuisset,
772 2387 933 2439 Troia
969 2408 1110 2441 nunc
1145 2390 1304 2441 etiam
1338 2403 1537 2453 staret3
1591 2390 1633 2441 si
1668 2389 1915 2442 Lucretia
1950 2403 2005 2441 et

142 2466 411 2569 iVirginia,
440 2492 535 2524 nec
567 2493 727 2543 regno
752 2473 1072 2545 Tarquinius
1101 2476 1275 2546 pulsus
1313 2490 1460 2541 esset,
1489 2495 1584 2528 nec
1610 2475 1811 2546 Appius
1838 2477 2003 2528 vitam

143 2560 218 2615 :in
257 2578 460 2611 carcere
497 2559 759 2612 finivisset.
833 2561 1030 2615 Verum
1068 2582 1134 2614 ne
1169 2563 1266 2614 sibi
1303 2577 1423 2634 post
1460 2563 1560 2615 oris
1599 2562 2003 2633 descriptionem

163 2646 339 2716 dignas
404 2664 611 2698 morum
662 2647 838 2699 laudes
892 2649 1236 2715 substraham,
1283 2668 1442 2720 quam
1493 2651 1633 2702 fusca
1687 2650 1839 2701 facies
1894 2663 2003 2701 tam

166 2731 417 2784 candidus
456 2746 532 2784 est
570 2734 806 2799 animus;
865 2753 1114 2804 magnum
1152 2749 1205 2788 et
1241 2737 1349 2806 ipsa
1387 2736 1520 2788 nihil
1556 2737 1730 2788 animo
1769 2737 2002 2788 nocentis
2028 2758 2077 2787 20

163 2819 388 2870 feminae
413 2818 760 2872 deformitatis
784 2821 1082 2890 exemplum
1105 2843 1118 2886 3
1162 2822 1228 2874 de
1249 2841 1356 2893 quo
1377 2825 1516 2875 forte
1538 2822 1735 2893 aliquid
1758 2822 2002 2887 dicerem,

165 2906 263 2957 nisi
308 2906 433 2975 quia
478 2906 611 2957 circa
656 2906 939 2959 Claranum
984 2926 1136 2960 suum
1182 2909 1391 2961 abunde
1436 2910 1576 2961 hunc
1622 2909 1902 2962 articulum
1946 2910 2002 2961 in

166 2991 394 3062 epistolis
427 3005 729 3061 prosecutus
764 3007 840 3045 est
875 2992 1083 3045 Seneca.
1153 2995 1270 3047 Hoc
1302 2995 1606 3065 singularius
1640 2995 1800 3048 habet
1833 2995 1999 3047 villica

124 3132 145 3145 .,
165 3096 296 3142 mea,
333 3077 478 3147 quod
511 3096 632 3129 cum
666 3080 835 3131 forma
869 3080 1095 3149 corporis
1129 3082 1417 3134 femineum
1451 3082 1626 3151 potius
1661 3100 1820 3152 quam
1854 3081 2002 3133 virile

111 3160 364 3216 ”bonum
399 3165 482 3229 sit,
519 3165 645 3216 haec
681 3165 810 3217 adeo
844 3168 1042 3217 formae
1076 3166 1330 3219 iacturam
1366 3187 1472 3220 non
1506 3169 1685 3234 sentit,
1722 3182 1783 3220 ut
1820 3168 2002 3219 decere
2025 3188 2074 3232 25

165 3250 307 3302 illam
332 3265 483 3321 putes
511 3270 613 3303 esse
639 3251 944 3316 deformem.
1007 3253 1155 3304 Nihil
1180 3254 1398 3319 fidelius,
1426 3255 1556 3306 nihil
1579 3255 1844 3322 humiliuS,
1870 3254 2002 3311 nihil
