2242 3600
122 196 511 251 GVIDONI
569 195 1274 259 ARCHIEPISCOPO
1331 193 1778 248 GENVENSI
1865 209 1954 262 113

109 325 270 378 Paulo
298 326 469 378 minus
499 326 714 378 biennio
741 327 924 396 hospes
955 339 1075 377 tuus
1104 325 1198 376 fui.
1264 324 1425 384 Quod
1453 337 1582 376 tunc
1610 323 1787 376 vidisti
1815 342 1956 375 nunc

110 426 351 482 agentem
399 413 588 481 cogita,
638 413 735 464 nisi
782 413 905 482 quia
951 430 1059 490 quo
1106 411 1266 484 magis
1314 410 1747 482 progrediqr2aeeo
1794 410 1988 478 magis

110 498 363 566 accelero
392 513 445 550 et
479 518 575 551 ceu
609 500 764 550 fessus
798 498 967 550 viator
1000 496 1066 548 ad
1098 515 1364 566 vesperam
1399 496 1569 548 adhuc
1601 496 1785 565 longae
1817 494 2000 565 vffixe·
1981 498 2017 518 L
2009 486 2179 556 ζῶα-ἐ.)

102 556 282 573 g-d-

110 585 432 654 cogitatione
468 586 667 655 suspiro
705 597 758 635 et
797 582 962 634 calcar
999 583 1218 647 incutio,
1258 582 1615 635 lassitudinem
1654 583 1863 634 excutio
1901 595 1954 634 et
1979 605 2025 647 15

110 690 339 741 gressum
396 672 664 741 ingemino
721 684 775 722 et
833 669 1113 740 multiplex
1169 671 1309 722 vitae
1367 670 1602 722 taedium
1660 669 1952 722 obliviscor.

112 759 302 829 Itaque
329 758 510 810 diebus
539 777 596 810 ac
623 756 865 809 noctibus
891 757 1113 809 vicissim
1139 756 1255 825 lego
1281 770 1335 808 et
1361 757 1547 821 scribo,
1575 755 1799 808 alterum
1825 775 1954 826 opus

112 844 315 898 alterno
364 844 591 897 relevans
641 843 844 908 solati0‚
895 857 956 895 ut
1007 862 1140 895 unus
1189 843 1337 894 labor
1387 842 1595 895 alterius
1646 842 1847 912 requies
1897 861 1955 894 ac

109 931 348 984 levamen
394 932 477 983 sit.
563 930 723 982 Nulla
770 930 901 981 mihi
951 929 1232 981 delectatio
1280 929 1506 995 aliunde,
1557 928 1698 981 nulla
1745 928 1956 981 vivendi

106 1015 337 1069 'dulcedo
363 1017 458 1069 alia
481 1038 494 1080 ;
539 1016 629 1068 sed
654 1017 779 1068 haec
806 1016 914 1086 ipsa
939 1035 1023 1067 me
1048 1029 1351 1086 praegravat
1373 1029 1538 1090 ‘atque
1563 1029 1767 1067 exercet
1793 1034 1956 1085 usque
1980 1033 2029 1061 20

113 1103 259 1173 adeo,
282 1118 343 1156 ut
363 1104 459 1156 hac
482 1103 698 1173 dempta
717 1103 804 1156 vix
830 1102 1120 1172 intelligam
1142 1102 1283 1154 unde
1305 1103 1435 1154 mihi
1454 1102 1601 1153 labor
1622 1116 1713 1154 aut
1735 1103 1953 1172 requies.

113 1190 211 1242 Res
227 1190 637 1261 ‘m—ilissequidem
662 1191 1292 1255 interrrmanllssssmssunt,
1320 1203 1373 1241 et
1398 1188 1621 1241 subinde
1646 1188 1772 1240 aliae
1796 1203 1956 1259 atque
1998 1212 2002 1239 ε

112 1277 239 1329 aliae
263 1277 551 1330 adveniunt
577 1277 805 1330 abeunte
820 1278 953 1344 yjta,
979 1296 1270 1347 verumque
1293 1277 1333 1328 si
1357 1276 1511 1328 fateri
1535 1289 1765 1346 oportet,
1794 1290 1955 1328 terret

113 1383 198 1416 me
223 1378 370 1416 tanta
395 1378 705 1435 coeptorum
731 1364 930 1416 moles
917 1384 972 1416 m
998 1379 1108 1417 tam
1133 1384 1366 1434 parva
1314 1364 1454 1416 vitae
1478 1382 1631 1416 area.

0 1494 49 1525 fi
55 1491 103 1519 w
179 1449 304 1520 [His
326 1451 491 1503 health
517 1452 562 1502 is
580 1451 744 1519 g00d;
766 1451 848 1535 i*he
871 1450 977 1508 still
1000 1451 1091 1502 has
1116 1463 1159 1502 to
1183 1449 1395 1520 struggle
1418 1451 1617 1518 against
1643 1449 1722 1501 the
1748 1462 1955 1519 tempta·
1981 1467 2028 1511 25

115 1539 241 1590 tions
266 1537 323 1606 qf
342 1533 580 1625 theflesh.
585 1536 607 1608 ]
668 1538 733 1589 In
760 1538 912 1590 rebus
940 1538 1048 1589 aliis
1075 1557 1263 1613 quas
1227 1539 1462 1589 fortunas
1489 1551 1697 1601 vocant,
1726 1537 1957 1606 optimus

113 1638 166 1676 et
218 1624 282 1677 ab
333 1586 575 1675 extremis
627 1623 1027 1677 distantissimus
1079 1639 1155 1676 est
1207 1623 1409 1676 modus
1497 1623 1685 1676 Procul
1735 1625 1956 1690 miseria,

113 1710 297 1781 procul
345 1710 539 1780 inopia,
578 1711 762 1780 procul
804 1711 1046 1777 divitiae,
1084 1711 1268 1782 procul
1318 1711 1531 1765 invidia.
1616 1710 1763 1763 Tuta
1812 1730 1956 1775 vero,

114 1797 276 1849 dulcis
321 1816 379 1849 ac
424 1796 584 1848 facilis
625 1797 960 1871 mediocritas
1007 1813 1213 1869 praesto
1258 1813 1351 1850 est.
1435 1798 1519 1850 Ita
1564 1798 1695 1849 mihi
1740 1796 1956 1860 videor3

113 1884 262 1936 fallor
299 1886 453 1936 forte.
544 1874 720 1937 Vnum
760 1899 835 1937 est
874 1887 928 1938 in
967 1905 1074 1956 quo
1112 1886 1444 1938 mediocritas
1481 1904 1565 1937 me
1603 1886 1699 1936 ista
1737 1904 1844 1936 non
1881 1904 1956 1936 se-
1980 1906 2030 1945 30

113 1970 312 2040 quitur,
365 1969 526 2040 idque
583 1971 622 2021 si
675 1959 991 2024 invidiosum
1043 1973 1182 2024 forte
1234 1990 1318 2023 me
1370 1972 1570 2036 fecerit,
1625 1991 1731 2023 non
1783 1972 1956 2023 mirer.

106 2057 437 2126 Honoratior
464 2075 598 2122 sum,
629 2057 811 2110 melius
843 2058 1081 2110 dixissem
1111 2059 1392 2124 oneratior,
1423 2077 1583 2129 quam
1611 2058 1694 2111 vel
1723 2077 1957 2128 unquam

113 2140 405 2210 optaverim
448 2139 530 2192 vel
571 2159 774 2210 semper
816 2155 1031 2211 optatae
1072 2142 1137 2193 sit
1181 2141 1461 2212 expediens
1504 2142 1690 2212 quieti.
1770 2142 1961 2212 Neque

113 2227 237 2279 huic
276 2226 444 2278 solum
494 2226 750 2279 Italorum
792 2229 1020 2280 maximo
1059 2229 1267 2299 suisque
1307 2228 1624 2299 proceribus,
1666 2228 1772 2293 sed,
1814 2229 1961 2299 quod

115 2313 380 2385 publicam
427 2313 522 2364 sim
569 2313 805 2366 dicturus
850 2314 915 2366 ad
955 2315 1196 2393 gssoriam,
1243 2316 1346 2366 toti
1391 2314 1590 2385 populo
1634 2316 1961 2386 conspectior
1982 2335 2031 2377 35

116 2401 386 2470 cariorque
419 2418 577 2470 quam
612 2401 796 2453 merui.
867 2401 1228 2460 Quadriennio
1261 2402 1364 2453 iam
1398 2416 1459 2454 ut
1492 2401 1633 2454 vides
1667 2403 1873 2471 integro
1905 2403 1961 2454 in

115 2488 212 2540 hac
252 2486 730 2540 Mediolanensium
772 2489 903 2540 urbe
944 2508 1143 2540 moram
1187 2490 1338 2554 traxi,
1382 2503 1435 2541 et
1476 2490 1580 2541 iam
1622 2490 1797 2560 quinti
1839 2491 1962 2543 anni

115 2574 278 2626 limen
315 2574 595 2642 ingredior.
671 2575 769 2627 Res
807 2575 981 2627 hercle
1019 2595 1113 2627 nec
1151 2577 1283 2627 mihi
1321 2595 1555 2646 unquam
1595 2596 1689 2628 nec
1728 2577 1828 2628 tibi
1866 2597 1961 2629 nec

118 2661 363 2730 cuiquam
390 2661 678 2712 amicorum
706 2662 787 2714 vel
821 2662 922 2715 levi
956 2664 1219 2733 praesagio
1254 2677 1377 2715 ante
1410 2663 1550 2728 visa3
1589 2663 1679 2715 sed
1706 2663 1960 2715 humana-

119 2765 236 2798 rum
282 2765 455 2798 rerum
500 2748 825 2800 consuetudo
871 2763 946 2800 est
983 2763 1131 2802 vetus
1173 2769 1230 2801 ac
1271 2764 1526 2820 perpetua
1563 2764 1623 2802 ut
1660 2751 1794 2803 sicut
1831 2751 1962 2802 nihil
1983 2774 2034 2811 40

119 2847 323 2905 certum
351 2834 589 2886 omnium
617 2853 750 2904 quae
776 2854 1057 2905 speramus,
1085 2837 1155 2888 sic
1184 2836 1316 2888 nihil
1342 2837 1558 2888 omnino
1585 2837 1731 2907 quod
1756 2852 1963 2907 praeter

119 2938 264 2990 spem
286 2921 491 2972 evenire
511 2921 714 2973 homini
734 2941 841 2973 non
862 2923 1021 2992 possit
1051 2963 1063 2975 .
1095 2964 1107 2975 .
1138 2964 1150 2975 .
1222 2908 1327 2993 [He
1347 2925 1391 2975 is
1411 2925 1465 2975 in
1481 2924 1681 2992 general
1691 2924 1883 2993 favour
1908 2936 1965 2976 at

122 3005 339 3077 Milan]
396 3007 616 3059 Accedit
641 3008 900 3060 habitatio
924 3009 989 3061 ab
1013 3011 1159 3061 omni
1183 3010 1421 3063 tumultu
1446 3011 1658 3075 civium,
1684 3011 1780 3062 nisi
1803 3029 1963 3080 quem
2012 3012 2057 3044 νζ

119 3107 325 3146 vetusta
364 3093 577 3147 devotio
607 3113 811 3165 semper
843 3110 1032 3148 octavo
1063 3115 1215 3149 mane
1247 3098 1467 3162 revehit,
1495 3112 1694 3150 semota
1727 3097 1793 3150 ad
1811 3087 1962 3151 beci-

122 3179 288 3232 duum
333 3199 550 3249 magnae
594 3181 733 3233 urbis
781 3182 1047 3251 angulum.
1143 3183 1406 3235 Ambrosii
1450 3185 1632 3254 hospes
1677 3203 1811 3248 sum,
1856 3203 1965 3255 quo
1983 3204 2034 3246 45

121 3285 243 3318 cum
269 3266 425 3319 multi
448 3287 599 3337 saepe
622 3268 1386 3343 VSI-RQPiYClrs1108oe11di„avidi
1409 3290 1461 3323 se
1485 3285 1732 3325 venturos
1759 3270 1964 3336 dicunt,

198 3369 301 3419 2548
1027 3376 1044 3409 1
