2242 3600
519 193 916 246 IOHANNI
976 193 1084 244 DE
1141 192 1624 245 CERTALDO
1898 207 1988 262 125

67 325 71 328 ’
147 335 289 387 sunt,
336 322 535 392 quique
580 322 683 373 mei
729 321 899 373 abitus
946 321 1271 372 mentionem
1318 340 1413 372 ceu
1458 321 1747 372 infaustum
1794 319 1994 390 aliquid

149 408 448 472 exhorrent,
474 427 651 459 omnes
692 409 909 478 inquam
941 407 1063 459 alibi
1089 426 1175 459 me
1200 421 1457 459 terrarum
1497 407 1731 459 mallent.
1793 407 1860 468 In
1893 407 1992 457 hoc

149 495 291 546 enim
318 495 511 565 absque
537 494 641 546 ulla
666 513 870 564 prorsus
897 494 1240 546 haesitatione
1267 497 1609 547 conveniunt.
2020 521 2066 562 15

219 579 322 632 Sed
365 581 627 633 ubinam?
708 581 812 632 Hic
857 580 1111 632 discordia
1155 580 1323 632 multa
1366 596 1458 633 est.
1538 581 1656 632 Pars
1701 581 1995 644 Patavium,

149 686 264 738 pars
293 682 433 720 trans
460 667 635 737 Alpes,
663 686 778 737 pars
805 668 859 718 in
886 667 1110 736 patriam
1138 681 1307 719 vocat.
1372 667 1488 719 Hae
1513 668 1820 719 iustissimae
1846 685 1995 719 voces

148 769 334 820 essent,
374 755 428 806 ni
467 753 833 806 difficultatem
869 753 1277 823 impossibilitati
1314 755 1607 824 proximam
1645 773 1720 806 res
1758 754 1994 806 haberet.

148 841 253 892 Alii
294 855 471 893 autem
514 839 648 904 alio;
710 858 807 909 pro
849 839 1104 892 desiderio
1143 859 1236 892 suo
1278 841 1498 910 quisque
1539 841 1669 892 mihi
1710 840 1997 911 praestabit

148 928 290 980 hunc
306 926 553 980 velillum
570 926 844 978 habitandi
860 925 1053 978 locum.
1107 927 1172 979 In
1188 946 1296 997 quo
1313 946 1409 996 ego
1427 947 1534 979 non
1551 942 1660 979 tam
1678 927 1995 980 iudiciorum
2022 954 2072 980 20

150 1002 516 1085 dssonantiam,
556 1031 716 1082 quam
760 1014 946 1064 amoris
986 1027 1040 1064 et
1090 1014 1300 1083 piorum
1342 1014 1630 1065 affectuum
1668 1014 1996 1066 harmoniam

149 1086 341 1165 miror3
390 1099 625 1170 dumque
664 1100 826 1151 acrius
866 1117 1036 1151 causas
1078 1114 1257 1151 tantae
1294 1101 1557 1152 varietatis
1597 1101 1857 1166 examinO,
1889 1101 1998 1170 ipsa

147 1190 317 1240 fateor
345 1187 562 1239 varietas
594 1205 678 1238 me
708 1185 954 1251 delectat,
986 1200 1039 1238 et
1069 1186 1262 1255 glorior
1290 1187 1365 1238 ita
1395 1205 1479 1238 me
1509 1188 1635 1238 meis
1666 1205 1844 1239 carum
1875 1206 1997 1252 esse,

148 1289 210 1327 ut
258 1273 491 1343 alioquin
537 1272 799 1343 praeclara
846 1286 899 1324 et
947 1287 1195 1342 peracuta
1238 1273 1432 1325 iudicia
1472 1274 1789 1343 perstringat
1838 1287 2000 1344 atque

147 1359 365 1412 hebetet
397 1378 543 1411 amor
573 1360 693 1411 mei,
760 1359 872 1428 Ego
898 1359 1115 1429 quidem
1146 1360 1286 1412 inter
1317 1361 1606 1412 amicorum
1637 1361 1927 1430 opiniones,
1958 1361 2000 1412 si
2024 1379 2070 1421 25

147 1446 279 1517 quid
313 1447 422 1517 ipse
455 1446 521 1498 de
554 1446 705 1498 rebus
740 1447 866 1497 meis
898 1447 1120 1498 sentiam
1154 1447 1462 1516 interroger,
1498 1447 1590 1499 ubi
1623 1447 1872 1513 solitud0,
1907 1447 2000 1499 ubi

149 1534 339 1598 otium,
371 1533 462 1585 ubi
492 1533 638 1603 quies
669 1551 727 1584 ac
760 1532 1026 1584 silentium
1056 1535 1179 1598 sint,
1212 1535 1309 1586 etsi
1340 1552 1557 1602 magnae
1587 1553 1727 1604 opes,
1759 1534 1999 1597 honores,

126 1622 409 1690 potentia,
438 1619 735 1689 voluptates
765 1619 954 1684 absint,
986 1639 1047 1670 eo
1077 1638 1162 1670 me
1188 1623 1443 1691 suspirare
1472 1620 1830 1691 respondeam.
1898 1619 2001 1672 Sed

149 1706 242 1759 ubi
281 1725 341 1758 ea
377 1707 482 1758 sint
522 1707 691 1757 fateor
730 1724 815 1756 me
855 1707 1065 1758 nescire.
1143 1705 1386 1759 Solitudo
1424 1707 1511 1759 illa
1553 1709 1695 1761 enirn
1735 1726 1867 1772 mea,
1909 1708 2001 1760 ubi

150 1793 420 1846 interdum
445 1812 552 1844 non
574 1792 743 1844 solum
767 1793 941 1848 vivere
963 1792 1054 1845 sed
1077 1807 1130 1845 et
1155 1794 1301 1863 mori⁸
1312 1794 1583 1864 optabam,
1609 1814 1715 1846 non
1739 1795 1816 1846 his
1840 1795 2001 1847 modo
2022 1818 2073 1856 30

150 1877 340 1947 quibus
366 1876 633 1928 abundare
655 1876 808 1928 solita
833 1891 927 1941 est,
952 1877 1043 1928 sed
1066 1878 1347 1929 securitate
1370 1878 1531 1929 etiam
1556 1892 1714 1930 caret.
1774 1878 1999 1931 Testan-

152 1979 240 2017 tur
274 1963 491 2032 triginta
523 1962 605 2015 vel
638 1982 702 2014 eo
735 1962 955 2033 amplius
986 1960 1244 2038 librorum
1278 1965 1563 2029 volumina,
1599 1984 1734 2034 quae
1766 1964 1892 2016 olim
1928 1965 2002 2018 ibi

151 2047 463 2121 reliqueram
502 2050 635 2101 nihil
671 2069 891 2120 usquam
930 2052 1095 2103 tutius
1134 2051 1366 2116 credenS,
1405 2070 1645 2122 quaeque
1684 2070 1791 2103 non
1828 2051 2001 2104 multo

151 2151 271 2208 post
317 2136 644 2207 praedonum
695 2137 934 2189 manibus
987 2140 1072 2191 vix
1119 2138 1289 2208 elapsa
1341 2139 1578 2208 mihique
1626 2158 1687 2189 ex
1738 2139 2003 2209 insperato

152 2223 376 2288 reddita,
392 2223 598 2298 ⁴pallere
625 2243 765 2276 nunc
804 2226 964 2277 etiam
1001 2239 1054 2277 et
1084 2239 1308 2298 tremere
1334 2225 1606 2295 videntur,
1631 2240 1685 2277 et
1726 2226 2001 2279 turbidum
2025 2245 2073 2286 35

153 2311 253 2363 loci
278 2324 478 2362 statum
506 2310 648 2362 unde
674 2325 942 2363 evaserant
969 2313 1146 2364 fronte
1173 2312 1491 2382 portendere
1513 2333 1526 2376 ;
1571 2313 1646 2364 ita
1673 2313 1803 2364 mihi
1831 2312 2001 2366 diver-

152 2397 347 2450 sorium
392 2397 525 2449 illud
571 2397 794 2449 amabile
839 2413 893 2450 et
942 2401 1071 2451 ruris
1117 2400 1431 2470 optatissimi
1476 2418 1588 2469 spes
1635 2401 1871 2452 aufertur
1901 2441 1912 2452 .
1944 2442 1956 2452 .
1989 2442 2000 2453 .

152 2483 259 2554 [He
276 2483 418 2551 finds
448 2485 493 2535 it
522 2484 735 2553 dzffi‘cult
767 2498 811 2537 to
838 2485 981 2537 make
1012 2505 1111 2556 any
1145 2487 1306 2538 choice
1338 2506 1394 2538 as
1428 2499 1471 2538 to
1503 2487 1583 2538 his
1612 2487 1875 2552 residence,
1904 2488 2006 2539 and

154 2559 431 2639 impossible
459 2582 502 2621 to
512 2570 706 2638 foresee
734 2571 813 2622 the
836 2572 990 2624 result
1014 2573 1072 2641 of
1087 2592 1118 2624 a
1145 2571 1370 2643 change]

223 2657 456 2708 Transeo
474 2671 670 2722 autem,
688 2676 890 2710 memor
912 2677 996 2710 me
1014 2659 1079 2711 de
1096 2660 1173 2711 his
1196 2674 1373 2711 tecum
1398 2679 1535 2711 anno
1556 2660 1739 2726 altero,
1761 2660 1890 2712 dum
1912 2680 2003 2713 nos
2025 2685 2076 2721 40

155 2744 284 2795 haec
321 2741 503 2793 eadem
541 2743 663 2794 urbs
702 2759 755 2796 et
796 2744 980 2796 domus
1019 2745 1255 2810 haberet,
1294 2745 1462 2798 multa
1502 2745 1769 2798 diseruisse
1806 2766 2005 2817 nosque

156 2829 418 2894 omnibuS‚
463 2844 724 2899 quantum
771 2845 950 2883 nostro
994 2831 1213 2884 consilio
1257 2832 1370 2884 fleri
1413 2847 1608 2903 potest,
1653 2833 1794 2886 haud
1840 2834 2003 2903 negli-

157 2929 343 2985 genter
390 2918 609 2968 excussis
659 2918 713 2968 in
774 2917 874 2968 hoc
924 2917 1139 2970 demum
1189 2919 1447 2985 resedisse,
1498 2935 1559 2972 ut
1610 2921 1791 2973 Italiae
1845 2935 2006 2992 atque

158 3002 400 3071 Europae
452 3001 605 3054 rebus
658 3002 759 3054 hoc
812 3004 868 3055 in
921 3018 1063 3056 statu
1117 3006 1469 3071 manentibus,
1524 3026 1630 3059 non
1684 3007 1845 3059 modo
1898 3027 2005 3060 non

161 3087 293 3141 alter
348 3088 658 3141 Mediolano
713 3091 882 3142 tutior
938 3091 1197 3162 rebusque
1260 3094 1386 3144 meis
1443 3094 1633 3163 aptior,
1686 3094 1776 3146 sed
1834 3095 2004 3147 nullus
2027 3121 2077 3163 45

160 3177 379 3227 omnino
418 3194 637 3246 usquam
677 3191 884 3246 praeter
924 3177 1291 3231 Mediolanum
1331 3180 1485 3249 plene
1524 3181 1654 3234 mihi
1694 3183 2008 3235 conveniens

160 3262 302 3323 locus
344 3277 490 3323 esset.
577 3264 747 3315 Vnam
788 3264 1171 3342 excipiebamus
1213 3266 1398 3323 urbem
1439 3267 1674 3333 Patavii3
1738 3268 1803 3320 ad
1846 3289 2006 3341 quam
