<?xml version="1.0" encoding="UTF-8"?>
<!DOCTYPE html PUBLIC "-//W3C//DTD XHTML 1.0 Transitional//EN"
    "http://www.w3.org/TR/xhtml1/DTD/xhtml1-transitional.dtd">
<html xmlns="http://www.w3.org/1999/xhtml" xml:lang="en" lang="en">
 <head>
  <title>
</title>
<meta http-equiv="Content-Type" content="text/html;charset=utf-8" />
  <meta name='ocr-system' content='tesseract 3.04.00' />
  <meta name='ocr-capabilities' content='ocr_page ocr_carea ocr_par ocr_line ocrx_word'/>
</head>
<body>
  <div class='ocr_page' id='page_1' title='image "./epistolaeselecta00petruoft_0124.png"; bbox 0 0 2242 3600; ppageno 0'>
   <div class='ocr_carea' id='block_1_1' title="bbox 0 642 210 794">
    <p class='ocr_par' dir='ltr' id='par_1_1' title="bbox 0 642 210 794">
     <span class='ocr_line' id='line_1_1' title="bbox 157 642 189 663; baseline 0 -4"><span class='ocrx_word' id='word_1_1' title='bbox 157 657 163 663; x_wconf 67' lang='grc'>,</span> <span class='ocrx_word' id='word_1_2' title='bbox 182 642 189 659; x_wconf 51' lang='lat' dir='ltr'>l</span> 
     </span>
     <span class='ocr_line' id='line_1_2' title="bbox 110 664 210 712; baseline 0 -1"><span class='ocrx_word' id='word_1_3' title='bbox 110 664 176 712; x_wconf 49' lang='lat'>„¹37</span> <span class='ocrx_word' id='word_1_4' title='bbox 187 678 191 681; x_wconf 63' lang='grc'><strong>’</strong></span> <span class='ocrx_word' id='word_1_5' title='bbox 208 709 210 711; x_wconf 76' lang='grc'>,</span> 
     </span>
     <span class='ocr_line' id='line_1_3' title="bbox 0 689 156 794; baseline -0.032 0"><span class='ocrx_word' id='word_1_6' title='bbox 0 689 156 794; x_wconf 37' lang='grc' dir='ltr'>[Ψ</span> 
     </span>
    </p>
   </div>
   <div class='ocr_carea' id='block_1_2' title="bbox 301 175 1732 231">
    <p class='ocr_par' dir='ltr' id='par_1_2' title="bbox 301 175 1732 231">
     <span class='ocr_line' id='line_1_4' title="bbox 301 175 1732 231; baseline 0.001 -2"><span class='ocrx_word' id='word_1_7' title='bbox 301 181 392 230; x_wconf 92' lang='lat'>108</span> <span class='ocrx_word' id='word_1_8' title='bbox 685 175 1083 230; x_wconf 90' lang='grc' dir='ltr'>ΖΕΝΟΒΙΟ</span> <span class='ocrx_word' id='word_1_9' title='bbox 1139 175 1732 231; x_wconf 91' lang='lat' dir='ltr'>FLORENTINO</span> 
     </span>
    </p>
   </div>
   <div class='ocr_carea' id='block_1_3' title="bbox 206 303 2198 1920">
    <p class='ocr_par' dir='ltr' id='par_1_3' title="bbox 206 303 2198 1920">
     <span class='ocr_line' id='line_1_5' title="bbox 219 303 2159 359; baseline -0.002 -1"><span class='ocrx_word' id='word_1_10' title='bbox 219 319 269 346; x_wconf 92' lang='lat'>20</span> <span class='ocrx_word' id='word_1_11' title='bbox 293 319 469 358; x_wconf 90' lang='lat' dir='ltr'>actum</span> <span class='ocrx_word' id='word_1_12' title='bbox 503 325 605 359; x_wconf 89' lang='lat' dir='ltr'>esse</span> <span class='ocrx_word' id='word_1_13' title='bbox 637 325 702 357; x_wconf 91' lang='lat' dir='ltr'>ne</span> <span class='ocrx_word' id='word_1_14' title='bbox 734 304 877 356; x_wconf 90' lang='lat' dir='ltr'>miles</span> <span class='ocrx_word' id='word_1_15' title='bbox 909 303 1232 357; x_wconf 88' lang='lat' dir='ltr'>Teutonicus</span> <span class='ocrx_word' id='word_1_16' title='bbox 1263 304 1490 357; x_wconf 90' lang='lat' dir='ltr'>subitam</span> <span class='ocrx_word' id='word_1_17' title='bbox 1522 304 1651 357; x_wconf 90' lang='lat' dir='ltr'>coeli</span> <span class='ocrx_word' id='word_1_18' title='bbox 1683 304 2031 357; x_wconf 89' lang='lat' dir='ltr'>mutationem</span> <span class='ocrx_word' id='word_1_19' title='bbox 2063 315 2118 355; x_wconf 91' lang='lat' dir='ltr'>et</span> <span class='ocrx_word' id='word_1_20' title='bbox 2156 340 2159 343; x_wconf 94' lang='lat'>-</span> 
     </span>
     <span class='ocr_line' id='line_1_6' title="bbox 294 390 1211 460; baseline 0 -17"><span class='ocrx_word' id='word_1_21' title='bbox 294 390 532 443; x_wconf 89' lang='lat' dir='ltr'>Italicam</span> <span class='ocrx_word' id='word_1_22' title='bbox 562 391 869 460; x_wconf 88' lang='lat' dir='ltr'>temperiem</span> <span class='ocrx_word' id='word_1_23' title='bbox 897 390 1211 444; x_wconf 87' lang='lat' dir='ltr'>exhorreret.</span> 
     </span>
     <span class='ocr_line' id='line_1_7' title="bbox 206 474 2119 571; baseline -0.002 -41"><span class='ocrx_word' id='word_1_24' title='bbox 206 490 213 571; x_wconf 53' lang='grc' dir='ltr'>Ι</span> <span class='ocrx_word' id='word_1_25' title='bbox 359 478 530 529; x_wconf 91' lang='lat' dir='ltr'>Mitto</span> <span class='ocrx_word' id='word_1_26' title='bbox 557 491 733 530; x_wconf 90' lang='lat' dir='ltr'>autem</span> <span class='ocrx_word' id='word_1_27' title='bbox 754 476 879 528; x_wconf 90' lang='lat' dir='ltr'>haec</span> <span class='ocrx_word' id='word_1_28' title='bbox 902 496 915 540; x_wconf 94' lang='lat'>;</span> <span class='ocrx_word' id='word_1_29' title='bbox 955 476 1118 528; x_wconf 91' lang='lat' dir='ltr'>hiems</span> <span class='ocrx_word' id='word_1_30' title='bbox 1145 476 1378 546; x_wconf 90' lang='lat' dir='ltr'>zephyris</span> <span class='ocrx_word' id='word_1_31' title='bbox 1400 475 1567 542; x_wconf 90' lang='lat' dir='ltr'>cedet,</span> <span class='ocrx_word' id='word_1_32' title='bbox 1589 490 1747 529; x_wconf 90' lang='lat' dir='ltr'>aestas</span> <span class='ocrx_word' id='word_1_33' title='bbox 1774 474 2119 546; x_wconf 77' lang='lat' dir='ltr'>aquilonibuS,</span> 
     </span>
     <span class='ocr_line' id='line_1_8' title="bbox 207 561 2118 640; baseline -0.001 -25"><span class='ocrx_word' id='word_1_34' title='bbox 207 574 209 583; x_wconf 65' lang='lat'><strong>¹</strong></span> <span class='ocrx_word' id='word_1_35' title='bbox 281 564 465 637; x_wconf 46' lang='lat' dir='ltr'>omnia</span> <span class='ocrx_word' id='word_1_36' title='bbox 504 563 778 640; x_wconf 66' lang='lat' dir='ltr'>senectuti.</span> <span class='ocrx_word' id='word_1_37' title='bbox 853 562 1043 614; x_wconf 90' lang='lat' dir='ltr'>Veniet</span> <span class='ocrx_word' id='word_1_38' title='bbox 1085 562 1208 627; x_wconf 85' lang='lat' dir='ltr'>dies,</span> <span class='ocrx_word' id='word_1_39' title='bbox 1249 581 1382 632; x_wconf 88' lang='lat' dir='ltr'>quae</span> <span class='ocrx_word' id='word_1_40' title='bbox 1423 561 1602 614; x_wconf 90' lang='lat' dir='ltr'>diebus</span> <span class='ocrx_word' id='word_1_41' title='bbox 1642 561 1883 614; x_wconf 90' lang='lat' dir='ltr'>omnibus</span> <span class='ocrx_word' id='word_1_42' title='bbox 1921 573 2118 613; x_wconf 88' lang='lat' dir='ltr'>metam</span> 
     </span>
     <span class='ocr_line' id='line_1_9' title="bbox 290 634 2197 723; baseline -0.002 -21"><span class='ocrx_word' id='word_1_43' title='bbox 290 663 471 719; x_wconf 91' lang='lat' dir='ltr'>ponat,</span> <span class='ocrx_word' id='word_1_44' title='bbox 504 664 556 701; x_wconf 92' lang='lat' dir='ltr'>et</span> <span class='ocrx_word' id='word_1_45' title='bbox 587 634 720 700; x_wconf 65' lang='lat' dir='ltr'>hanc</span> <span class='ocrx_word' id='word_1_46' title='bbox 746 663 1051 718; x_wconf 60' lang='lat' dir='ltr'>temporum</span> <span class='ocrx_word' id='word_1_47' title='bbox 1080 649 1387 723; x_wconf 44' lang='lat' dir='ltr'>{arietatem</span> <span class='ocrx_word' id='word_1_48' title='bbox 1407 648 1611 716; x_wconf 62' lang='lat' dir='ltr'>stabilis</span> <span class='ocrx_word' id='word_1_49' title='bbox 1642 647 1921 701; x_wconf 90' lang='lat' dir='ltr'>concludet</span> <span class='ocrx_word' id='word_1_50' title='bbox 1951 660 2116 709; x_wconf 54' lang='lat' dir='ltr'>aetere</span> <span class='ocrx_word' id='word_1_51' title='bbox 2193 712 2197 715; x_wconf 83' lang='lat'>.</span> 
     </span>
     <span class='ocr_line' id='line_1_10' title="bbox 207 719 2116 804; baseline -0.001 -19"><span class='ocrx_word' id='word_1_52' title='bbox 207 755 265 795; x_wconf 76' lang='lat'>‹25</span> <span class='ocrx_word' id='word_1_53' title='bbox 290 736 438 787; x_wconf 71' lang='lat' dir='ltr'>nitas&#39;.</span> <span class='ocrx_word' id='word_1_54' title='bbox 530 735 733 787; x_wconf 87' lang='lat' dir='ltr'>Natura</span> <span class='ocrx_word' id='word_1_55' title='bbox 785 753 937 786; x_wconf 89' lang='lat' dir='ltr'>suum</span> <span class='ocrx_word' id='word_1_56' title='bbox 990 754 1137 804; x_wconf 90' lang='lat' dir='ltr'>opus,</span> <span class='ocrx_word' id='word_1_57' title='bbox 1191 719 1430 786; x_wconf 73' lang='lat' dir='ltr'>nostrum</span> <span class='ocrx_word' id='word_1_58' title='bbox 1481 734 1694 786; x_wconf 88' lang='lat' dir='ltr'>interim</span> <span class='ocrx_word' id='word_1_59' title='bbox 1748 752 1838 786; x_wconf 85' lang='lat' dir='ltr'>nos</span> <span class='ocrx_word' id='word_1_60' title='bbox 1892 751 2116 802; x_wconf 86' lang='lat' dir='ltr'>agamus.</span> 
     </span>
     <span class='ocr_line' id='line_1_11' title="bbox 288 818 2117 890; baseline -0.001 -18"><span class='ocrx_word' id='word_1_61' title='bbox 288 820 549 890; x_wconf 88' lang='lat' dir='ltr'>Equidem</span> <span class='ocrx_word' id='word_1_62' title='bbox 573 840 679 872; x_wconf 90' lang='lat' dir='ltr'>non</span> <span class='ocrx_word' id='word_1_63' title='bbox 702 839 786 872; x_wconf 93' lang='lat' dir='ltr'>me</span> <span class='ocrx_word' id='word_1_64' title='bbox 806 819 943 889; x_wconf 89' lang='lat' dir='ltr'>gelu,</span> <span class='ocrx_word' id='word_1_65' title='bbox 968 819 1340 890; x_wconf 91' lang='lat' dir='ltr'>quodcumque</span> <span class='ocrx_word' id='word_1_66' title='bbox 1362 820 1573 890; x_wconf 88' lang='lat' dir='ltr'>Ripheis</span> <span class='ocrx_word' id='word_1_67' title='bbox 1597 820 1865 872; x_wconf 90' lang='lat' dir='ltr'>montibus</span> <span class='ocrx_word' id='word_1_68' title='bbox 1886 818 2117 872; x_wconf 90' lang='lat' dir='ltr'>Maeoti-</span> 
     </span>
     <span class='ocr_line' id='line_1_12' title="bbox 288 901 2117 973; baseline -0.001 -19"><span class='ocrx_word' id='word_1_69' title='bbox 288 903 463 972; x_wconf 91' lang='lat' dir='ltr'>cisque</span> <span class='ocrx_word' id='word_1_70' title='bbox 480 902 756 973; x_wconf 91' lang='lat' dir='ltr'>paludibus</span> <span class='ocrx_word' id='word_1_71' title='bbox 776 902 993 968; x_wconf 91' lang='lat' dir='ltr'>adiacet,</span> <span class='ocrx_word' id='word_1_72' title='bbox 1013 902 1335 954; x_wconf 86' lang='lat' dir='ltr'>retardasset.</span> <span class='ocrx_word' id='word_1_73' title='bbox 1390 903 1568 954; x_wconf 92' lang='lat' dir='ltr'>Multa</span> <span class='ocrx_word' id='word_1_74' title='bbox 1584 903 1807 955; x_wconf 89' lang='lat' dir='ltr'>scribere</span> <span class='ocrx_word' id='word_1_75' title='bbox 1823 901 2117 972; x_wconf 91' lang='lat' dir='ltr'>cupiebam,</span> 
     </span>
     <span class='ocr_line' id='line_1_13' title="bbox 285 987 2122 1058; baseline 0.002 -19"><span class='ocrx_word' id='word_1_76' title='bbox 285 988 325 1039; x_wconf 92' lang='lat' dir='ltr'>si</span> <span class='ocrx_word' id='word_1_77' title='bbox 352 988 551 1040; x_wconf 88' lang='lat' dir='ltr'>litteras</span> <span class='ocrx_word' id='word_1_78' title='bbox 582 1003 692 1041; x_wconf 91' lang='lat' dir='ltr'>tuas</span> <span class='ocrx_word' id='word_1_79' title='bbox 721 989 775 1040; x_wconf 94' lang='lat' dir='ltr'>in</span> <span class='ocrx_word' id='word_1_80' title='bbox 805 1003 1042 1058; x_wconf 91' lang='lat' dir='ltr'>tempore</span> <span class='ocrx_word' id='word_1_81' title='bbox 1069 988 1370 1058; x_wconf 88' lang='lat' dir='ltr'>recepissem</span> <span class='ocrx_word' id='word_1_82' title='bbox 1392 1009 1405 1054; x_wconf 86' lang='lat'><em>3</em></span> <span class='ocrx_word' id='word_1_83' title='bbox 1455 988 1544 1040; x_wconf 90' lang='lat' dir='ltr'>sed</span> <span class='ocrx_word' id='word_1_84' title='bbox 1572 988 1698 1042; x_wconf 91' lang='lat' dir='ltr'>dum</span> <span class='ocrx_word' id='word_1_85' title='bbox 1726 987 2122 1057; x_wconf 55' lang='lat' dir='ltr'>isteyiLQQ</span> 
     </span>
     <span class='ocr_line' id='line_1_14' title="bbox 286 1073 2117 1143; baseline -0.001 -18"><span class='ocrx_word' id='word_1_86' title='bbox 286 1088 340 1125; x_wconf 92' lang='lat' dir='ltr'>et</span> <span class='ocrx_word' id='word_1_87' title='bbox 387 1074 536 1126; x_wconf 93' lang='lat' dir='ltr'>nobis</span> <span class='ocrx_word' id='word_1_88' title='bbox 564 1094 733 1142; x_wconf 48' lang='lat'>9³29}</span> <span class='ocrx_word' id='word_1_89' title='bbox 773 1075 951 1143; x_wconf 87' lang='lat' dir='ltr'>attigit</span> <span class='ocrx_word' id='word_1_90' title='bbox 997 1073 1380 1140; x_wconf 90' lang='lat' dir='ltr'>Mediolanum,</span> <span class='ocrx_word' id='word_1_91' title='bbox 1427 1075 1633 1127; x_wconf 90' lang='lat' dir='ltr'>aberam</span> <span class='ocrx_word' id='word_1_92' title='bbox 1679 1089 1741 1127; x_wconf 94' lang='lat' dir='ltr'>ut</span> <span class='ocrx_word' id='word_1_93' title='bbox 1789 1074 1911 1127; x_wconf 88' lang='lat' dir='ltr'>dixi.</span> <span class='ocrx_word' id='word_1_94' title='bbox 1993 1073 2117 1125; x_wconf 94' lang='lat' dir='ltr'>Huc</span> 
     </span>
     <span class='ocr_line' id='line_1_15' title="bbox 213 1158 2115 1242; baseline 0 -32"><span class='ocrx_word' id='word_1_95' title='bbox 213 1180 262 1219; x_wconf 83' lang='lat'>30</span> <span class='ocrx_word' id='word_1_96' title='bbox 285 1160 601 1237; x_wconf 58' lang='lat' dir='ltr'>reversussg‘etf</span> <span class='ocrx_word' id='word_1_97' title='bbox 614 1175 728 1213; x_wconf 90' lang='lat' dir='ltr'>tuas</span> <span class='ocrx_word' id='word_1_98' title='bbox 750 1161 1096 1213; x_wconf 88' lang='lat' dir='ltr'>ornatissimas</span> <span class='ocrx_word' id='word_1_99' title='bbox 1118 1175 1371 1242; x_wconf 74' lang='lat' dir='ltr'>quattuor</span> <span class='ocrx_word' id='word_1_100' title='bbox 1394 1161 1650 1231; x_wconf 89' lang='lat' dir='ltr'>epistolas,</span> <span class='ocrx_word' id='word_1_101' title='bbox 1675 1161 1865 1231; x_wconf 91' lang='lat' dir='ltr'>quibus</span> <span class='ocrx_word' id='word_1_102' title='bbox 1889 1158 2115 1212; x_wconf 91' lang='lat' dir='ltr'>totidem</span> 
     </span>
     <span class='ocr_line' id='line_1_16' title="bbox 284 1242 2115 1314; baseline -0.001 -16"><span class='ocrx_word' id='word_1_103' title='bbox 284 1247 428 1312; x_wconf 91' lang='lat' dir='ltr'>meis,</span> <span class='ocrx_word' id='word_1_104' title='bbox 459 1266 571 1314; x_wconf 89' lang='lat' dir='ltr'>sero</span> <span class='ocrx_word' id='word_1_105' title='bbox 604 1246 747 1312; x_wconf 92' lang='lat' dir='ltr'>licet,</span> <span class='ocrx_word' id='word_1_106' title='bbox 780 1246 987 1299; x_wconf 91' lang='lat' dir='ltr'>abunde</span> <span class='ocrx_word' id='word_1_107' title='bbox 1027 1260 1203 1300; x_wconf 87' lang='lat' dir='ltr'>tamen</span> <span class='ocrx_word' id='word_1_108' title='bbox 1241 1248 1561 1300; x_wconf 83' lang='lat' dir='ltr'>satisfactum</span> <span class='ocrx_word' id='word_1_109' title='bbox 1598 1242 1859 1306; x_wconf 68' lang='lat' dir='ltr'>fateorlet</span> <span class='ocrx_word' id='word_1_110' title='bbox 1894 1245 2115 1298; x_wconf 92' lang='lat' dir='ltr'>latorem</span> 
     </span>
     <span class='ocr_line' id='line_1_17' title="bbox 284 1323 2198 1404; baseline -0.001 -21"><span class='ocrx_word' id='word_1_111' title='bbox 284 1331 487 1384; x_wconf 91' lang='lat' dir='ltr'>abitum</span> <span class='ocrx_word' id='word_1_112' title='bbox 518 1323 1116 1404; x_wconf 55' lang='lat' dir='ltr'>meditantemlreperi.st</span> <span class='ocrx_word' id='word_1_113' title='bbox 1149 1333 1540 1404; x_wconf 88' lang='lat' dir='ltr'>Supervacuum</span> <span class='ocrx_word' id='word_1_114' title='bbox 1569 1333 1736 1386; x_wconf 88' lang='lat' dir='ltr'>visum</span> <span class='ocrx_word' id='word_1_115' title='bbox 1767 1346 1844 1384; x_wconf 91' lang='lat' dir='ltr'>est</span> <span class='ocrx_word' id='word_1_116' title='bbox 1871 1331 2116 1384; x_wconf 89' lang='lat' dir='ltr'>inchoare</span> <span class='ocrx_word' id='word_1_117' title='bbox 2195 1380 2198 1381; x_wconf 10' lang='grc' dir='ltr'><em>γ</em></span> 
     </span>
     <span class='ocr_line' id='line_1_18' title="bbox 283 1416 2115 1490; baseline -0.001 -20"><span class='ocrx_word' id='word_1_118' title='bbox 283 1417 427 1487; x_wconf 92' lang='lat' dir='ltr'>quod</span> <span class='ocrx_word' id='word_1_119' title='bbox 464 1418 711 1488; x_wconf 81' lang='lat' dir='ltr'>perficere</span> <span class='ocrx_word' id='word_1_120' title='bbox 750 1438 856 1471; x_wconf 91' lang='lat' dir='ltr'>non</span> <span class='ocrx_word' id='word_1_121' title='bbox 895 1433 1040 1483; x_wconf 85' lang='lat' dir='ltr'>erat3</span> <span class='ocrx_word' id='word_1_122' title='bbox 1100 1419 1297 1490; x_wconf 90' lang='lat' dir='ltr'>reliqua</span> <span class='ocrx_word' id='word_1_123' title='bbox 1333 1420 1495 1489; x_wconf 91' lang='lat' dir='ltr'>igitur</span> <span class='ocrx_word' id='word_1_124' title='bbox 1533 1419 1598 1471; x_wconf 92' lang='lat' dir='ltr'>ad</span> <span class='ocrx_word' id='word_1_125' title='bbox 1634 1437 1787 1471; x_wconf 92' lang='lat' dir='ltr'>suum</span> <span class='ocrx_word' id='word_1_126' title='bbox 1826 1417 1983 1483; x_wconf 90' lang='lat' dir='ltr'>diem,</span> <span class='ocrx_word' id='word_1_127' title='bbox 2022 1416 2115 1487; x_wconf 91' lang='lat' dir='ltr'>qui</span> 
     </span>
     <span class='ocr_line' id='line_1_19' title="bbox 280 1503 2114 1581; baseline -0.001 -25"><span class='ocrx_word' id='word_1_128' title='bbox 280 1503 484 1581; x_wconf 77' lang='lat' dir='ltr'>longior</span> <span class='ocrx_word' id='word_1_129' title='bbox 531 1506 668 1557; x_wconf 83' lang='lat' dir='ltr'>forte</span> <span class='ocrx_word' id='word_1_130' title='bbox 716 1504 927 1557; x_wconf 90' lang='lat' dir='ltr'>dabitur</span> <span class='ocrx_word' id='word_1_131' title='bbox 974 1519 1133 1576; x_wconf 89' lang='lat' dir='ltr'>atque</span> <span class='ocrx_word' id='word_1_132' title='bbox 1182 1505 1525 1576; x_wconf 89' lang='lat' dir='ltr'>tranquillior.</span> <span class='ocrx_word' id='word_1_133' title='bbox 1610 1506 1674 1557; x_wconf 91' lang='lat' dir='ltr'>In</span> <span class='ocrx_word' id='word_1_134' title='bbox 1721 1505 1820 1556; x_wconf 91' lang='lat' dir='ltr'>hoc</span> <span class='ocrx_word' id='word_1_135' title='bbox 1868 1503 2012 1556; x_wconf 87' lang='lat' dir='ltr'>brevi</span> <span class='ocrx_word' id='word_1_136' title='bbox 2059 1515 2114 1555; x_wconf 92' lang='lat' dir='ltr'>et</span> 
     </span>
     <span class='ocr_line' id='line_1_20' title="bbox 211 1578 2166 1662; baseline -0.001 -20"><span class='ocrx_word' id='word_1_137' title='bbox 211 1600 259 1642; x_wconf 89' lang='grc'>35</span> <span class='ocrx_word' id='word_1_138' title='bbox 283 1578 497 1642; x_wconf 71' lang='lat' dir='ltr'>turbido</span> <span class='ocrx_word' id='word_1_139' title='bbox 531 1590 604 1642; x_wconf 91' lang='lat' dir='ltr'>nil</span> <span class='ocrx_word' id='word_1_140' title='bbox 638 1590 779 1643; x_wconf 89' lang='lat' dir='ltr'>aliud</span> <span class='ocrx_word' id='word_1_141' title='bbox 814 1591 1050 1657; x_wconf 80' lang='lat' dir='ltr'>dixerim,</span> <span class='ocrx_word' id='word_1_142' title='bbox 1086 1592 1181 1643; x_wconf 90' lang='lat' dir='ltr'>nisi</span> <span class='ocrx_word' id='word_1_143' title='bbox 1215 1592 1289 1644; x_wconf 90' lang='lat' dir='ltr'>nil</span> <span class='ocrx_word' id='word_1_144' title='bbox 1321 1592 1528 1662; x_wconf 90' lang='lat' dir='ltr'>penitus</span> <span class='ocrx_word' id='word_1_145' title='bbox 1564 1605 1773 1644; x_wconf 87' lang='lat' dir='ltr'>tuarum</span> <span class='ocrx_word' id='word_1_146' title='bbox 1807 1589 1874 1642; x_wconf 89' lang='lat' dir='ltr'>ad</span> <span class='ocrx_word' id='word_1_147' title='bbox 1906 1608 1991 1641; x_wconf 92' lang='lat' dir='ltr'>me</span> <span class='ocrx_word' id='word_1_148' title='bbox 2022 1587 2112 1641; x_wconf 60' lang='lat' dir='ltr'>lit‘-</span> <span class='ocrx_word' id='word_1_149' title='bbox 2161 1603 2166 1608; x_wconf 83' lang='grc'><em>“</em></span> 
     </span>
     <span class='ocr_line' id='line_1_21' title="bbox 283 1675 2111 1750; baseline 0 -23"><span class='ocrx_word' id='word_1_150' title='bbox 283 1690 510 1729; x_wconf 88' lang='lat' dir='ltr'>terarum</span> <span class='ocrx_word' id='word_1_151' title='bbox 553 1677 651 1729; x_wconf 92' lang='lat' dir='ltr'>hoc</span> <span class='ocrx_word' id='word_1_152' title='bbox 690 1677 908 1750; x_wconf 57' lang='lat' dir='ltr'>biennio</span> <span class='ocrx_word' id='word_1_153' title='bbox 949 1678 1255 1747; x_wconf 88' lang='lat' dir='ltr'>pervenisse,</span> <span class='ocrx_word' id='word_1_154' title='bbox 1299 1697 1432 1748; x_wconf 88' lang='lat' dir='ltr'>quae</span> <span class='ocrx_word' id='word_1_155' title='bbox 1473 1677 1649 1730; x_wconf 91' lang='lat' dir='ltr'>mirari</span> <span class='ocrx_word' id='word_1_156' title='bbox 1691 1691 1744 1729; x_wconf 93' lang='lat' dir='ltr'>te</span> <span class='ocrx_word' id='word_1_157' title='bbox 1786 1695 1892 1729; x_wconf 90' lang='lat' dir='ltr'>non</span> <span class='ocrx_word' id='word_1_158' title='bbox 1933 1675 2111 1740; x_wconf 83' lang='lat' dir='ltr'>miror,</span> 
     </span>
     <span class='ocr_line' id='line_1_22' title="bbox 282 1762 2112 1834; baseline -0.001 -20"><span class='ocrx_word' id='word_1_159' title='bbox 282 1777 441 1833; x_wconf 92' lang='lat' dir='ltr'>atque</span> <span class='ocrx_word' id='word_1_160' title='bbox 495 1764 653 1815; x_wconf 91' lang='lat' dir='ltr'>etiam</span> <span class='ocrx_word' id='word_1_161' title='bbox 708 1763 1002 1833; x_wconf 85' lang='lat' dir='ltr'>indignari3</span> <span class='ocrx_word' id='word_1_162' title='bbox 1074 1764 1164 1816; x_wconf 90' lang='lat' dir='ltr'>sed</span> <span class='ocrx_word' id='word_1_163' title='bbox 1214 1764 1489 1817; x_wconf 79' lang='lat' dir='ltr'>ferendum</span> <span class='ocrx_word' id='word_1_164' title='bbox 1553 1763 1696 1834; x_wconf 93' lang='lat' dir='ltr'>quod</span> <span class='ocrx_word' id='word_1_165' title='bbox 1761 1762 1953 1815; x_wconf 90' lang='lat' dir='ltr'>mutari</span> <span class='ocrx_word' id='word_1_166' title='bbox 2005 1780 2112 1814; x_wconf 92' lang='lat' dir='ltr'>non</span> 
     </span>
     <span class='ocr_line' id='line_1_23' title="bbox 279 1848 2108 1920; baseline -0.001 -19"><span class='ocrx_word' id='word_1_167' title='bbox 279 1863 469 1919; x_wconf 91' lang='lat' dir='ltr'>potest.</span> <span class='ocrx_word' id='word_1_168' title='bbox 521 1850 756 1902; x_wconf 90' lang='lat' dir='ltr'>Litterae</span> <span class='ocrx_word' id='word_1_169' title='bbox 780 1864 984 1902; x_wconf 89' lang='lat' dir='ltr'>nostrae</span> <span class='ocrx_word' id='word_1_170' title='bbox 1005 1850 1179 1902; x_wconf 92' lang='lat' dir='ltr'>medio</span> <span class='ocrx_word' id='word_1_171' title='bbox 1203 1851 1404 1903; x_wconf 86' lang='lat' dir='ltr'>viarum</span> <span class='ocrx_word' id='word_1_172' title='bbox 1427 1870 1541 1903; x_wconf 91' lang='lat' dir='ltr'>suos</span> <span class='ocrx_word' id='word_1_173' title='bbox 1566 1864 1795 1920; x_wconf 90' lang='lat' dir='ltr'>raptores</span> <span class='ocrx_word' id='word_1_174' title='bbox 1815 1848 2108 1902; x_wconf 90' lang='lat' dir='ltr'>inveniunt.</span> 
     </span>
    </p>
   </div>
   <div class='ocr_carea' id='block_1_4' title="bbox 279 1932 2110 2005">
    <p class='ocr_par' dir='ltr' id='par_1_4' title="bbox 279 1932 2220 2005">
     <span class='ocr_line' id='line_1_24' title="bbox 279 1932 2110 2005; baseline -0.003 -18"><span class='ocrx_word' id='word_1_175' title='bbox 279 1935 424 1994; x_wconf 90' lang='lat' dir='ltr'>Quid</span> <span class='ocrx_word' id='word_1_176' title='bbox 459 1950 637 1988; x_wconf 89' lang='lat' dir='ltr'>autem</span> <span class='ocrx_word' id='word_1_177' title='bbox 672 1936 857 1988; x_wconf 88' lang='lat' dir='ltr'>scimus</span> <span class='ocrx_word' id='word_1_178' title='bbox 887 1939 903 1988; x_wconf 85' lang='lat'>?</span> <span class='ocrx_word' id='word_1_179' title='bbox 978 1936 1451 2005; x_wconf 39' lang='lat' dir='ltr'>Multoslforsitan,</span> <span class='ocrx_word' id='word_1_180' title='bbox 1489 1936 1668 2000; x_wconf 88' lang='lat' dir='ltr'>amice,</span> <span class='ocrx_word' id='word_1_181' title='bbox 1705 1934 1887 1987; x_wconf 89' lang='lat' dir='ltr'>studiis</span> <span class='ocrx_word' id='word_1_182' title='bbox 1923 1932 2110 1986; x_wconf 91' lang='lat' dir='ltr'>nostris</span> 
     </span>
    </p>
   </div>
   <div class='ocr_carea' id='block_1_5' title="bbox 205 2021 2157 2175">
    <p class='ocr_par' dir='ltr' id='par_1_5' title="bbox 205 2021 2157 2175">
     <span class='ocr_line' id='line_1_25' title="bbox 205 2021 2110 2093; baseline -0.001 -21"><span class='ocrx_word' id='word_1_183' title='bbox 205 2043 256 2079; x_wconf 86' lang='lat'>40</span> <span class='ocrx_word' id='word_1_184' title='bbox 279 2023 623 2088; x_wconf 79' lang='lat' dir='ltr'>accendimuS,</span> <span class='ocrx_word' id='word_1_185' title='bbox 659 2023 837 2076; x_wconf 89' lang='lat' dir='ltr'>multis</span> <span class='ocrx_word' id='word_1_186' title='bbox 869 2023 1061 2093; x_wconf 90' lang='lat' dir='ltr'>gloriae</span> <span class='ocrx_word' id='word_1_187' title='bbox 1093 2022 1329 2075; x_wconf 91' lang='lat' dir='ltr'>stimulos</span> <span class='ocrx_word' id='word_1_188' title='bbox 1362 2022 1699 2086; x_wconf 87' lang='lat' dir='ltr'>incussimus;</span> <span class='ocrx_word' id='word_1_189' title='bbox 1752 2021 1857 2074; x_wconf 88' lang='lat' dir='ltr'>sive</span> <span class='ocrx_word' id='word_1_190' title='bbox 1889 2031 2110 2090; x_wconf 90' lang='lat' dir='ltr'>pergant</span> 
     </span>
     <span class='ocr_line' id='line_1_26' title="bbox 279 2102 2157 2175; baseline -0.001 -19"><span class='ocrx_word' id='word_1_191' title='bbox 279 2123 382 2174; x_wconf 90' lang='lat' dir='ltr'>qua</span> <span class='ocrx_word' id='word_1_192' title='bbox 407 2119 678 2175; x_wconf 92' lang='lat' dir='ltr'>ceperunt,</span> <span class='ocrx_word' id='word_1_193' title='bbox 700 2106 806 2158; x_wconf 87' lang='lat' dir='ltr'>sive</span> <span class='ocrx_word' id='word_1_194' title='bbox 831 2105 977 2160; x_wconf 89' lang='lat' dir='ltr'>nobis</span> <span class='ocrx_word' id='word_1_195' title='bbox 1005 2105 1276 2175; x_wconf 86' lang='lat' dir='ltr'>duplicent</span> <span class='ocrx_word' id='word_1_196' title='bbox 1300 2104 1548 2170; x_wconf 93' lang='lat' dir='ltr'>laborem,</span> <span class='ocrx_word' id='word_1_197' title='bbox 1571 2117 1624 2156; x_wconf 94' lang='lat' dir='ltr'>et</span> <span class='ocrx_word' id='word_1_198' title='bbox 1649 2102 1886 2174; x_wconf 91' lang='lat' dir='ltr'>epistolas</span> <span class='ocrx_word' id='word_1_199' title='bbox 1912 2115 2109 2154; x_wconf 85' lang='lat' dir='ltr'>nostras</span> <span class='ocrx_word' id='word_1_200' title='bbox 2154 2122 2157 2124; x_wconf 68' lang='grc'>’</span> 
     </span>
    </p>
   </div>
   <div class='ocr_carea' id='block_1_6' title="bbox 277 2187 2108 2352">
    <p class='ocr_par' dir='ltr' id='par_1_6' title="bbox 277 2187 2108 2352">
     <span class='ocr_line' id='line_1_27' title="bbox 279 2187 2107 2260; baseline -0.002 -18"><span class='ocrx_word' id='word_1_201' title='bbox 279 2190 549 2243; x_wconf 91' lang='lat' dir='ltr'>detineant</span> <span class='ocrx_word' id='word_1_202' title='bbox 601 2206 655 2243; x_wconf 92' lang='lat' dir='ltr'>et</span> <span class='ocrx_word' id='word_1_203' title='bbox 708 2206 963 2257; x_wconf 88' lang='lat' dir='ltr'>avertant,</span> <span class='ocrx_word' id='word_1_204' title='bbox 1016 2191 1175 2244; x_wconf 93' lang='lat' dir='ltr'>modo</span> <span class='ocrx_word' id='word_1_205' title='bbox 1226 2211 1316 2244; x_wconf 88' lang='lat' dir='ltr'>nos</span> <span class='ocrx_word' id='word_1_206' title='bbox 1368 2204 1545 2243; x_wconf 88' lang='lat' dir='ltr'>ament</span> <span class='ocrx_word' id='word_1_207' title='bbox 1596 2204 1649 2242; x_wconf 91' lang='lat' dir='ltr'>et</span> <span class='ocrx_word' id='word_1_208' title='bbox 1701 2189 1845 2260; x_wconf 92' lang='lat' dir='ltr'>quod</span> <span class='ocrx_word' id='word_1_209' title='bbox 1894 2187 2107 2258; x_wconf 88' lang='lat' dir='ltr'>rapiunt</span> 
     </span>
     <span class='ocr_line' id='line_1_28' title="bbox 277 2274 2108 2352; baseline -0.001 -24"><span class='ocrx_word' id='word_1_210' title='bbox 277 2278 549 2352; x_wconf 79' lang='lat' dir='ltr'>mirentur.</span> <span class='ocrx_word' id='word_1_211' title='bbox 624 2278 827 2348; x_wconf 90' lang='lat' dir='ltr'>Scripta</span> <span class='ocrx_word' id='word_1_212' title='bbox 846 2279 1181 2352; x_wconf 55' lang='lat' dir='ltr'>{Ofpesstspus</span> <span class='ocrx_word' id='word_1_213' title='bbox 1201 2279 1392 2349; x_wconf 65' lang='lat' dir='ltr'>digitis,</span> <span class='ocrx_word' id='word_1_214' title='bbox 1413 2291 1558 2330; x_wconf 84' lang='lat' dir='ltr'>sexto</span> <span class='ocrx_word' id='word_1_215' title='bbox 1582 2276 1840 2330; x_wconf 89' lang='lat' dir='ltr'>Kalendas</span> <span class='ocrx_word' id='word_1_216' title='bbox 1862 2274 2108 2340; x_wconf 88' lang='lat' dir='ltr'>Ianuarii,</span> 
     </span>
    </p>
   </div>
   <div class='ocr_carea' id='block_1_7' title="bbox 278 2363 1082 2436">
    <p class='ocr_par' dir='ltr' id='par_1_7' title="bbox 278 2363 1082 2436">
     <span class='ocr_line' id='line_1_29' title="bbox 278 2363 1082 2436; baseline 0.001 -21"><span class='ocrx_word' id='word_1_217' title='bbox 278 2378 399 2415; x_wconf 90' lang='lat' dir='ltr'>ante</span> <span class='ocrx_word' id='word_1_218' title='bbox 426 2363 613 2416; x_wconf 91' lang='lat' dir='ltr'>lucem.</span> <span class='ocrx_word' id='word_1_219' title='bbox 677 2365 820 2417; x_wconf 89' lang='lat' dir='ltr'>Vale.</span> <span class='ocrx_word' id='word_1_220' title='bbox 885 2364 969 2434; x_wconf 89' lang='lat'>[13</span> <span class='ocrx_word' id='word_1_221' title='bbox 978 2364 1082 2436; x_wconf 84' lang='lat'>54.]</span> 
     </span>
    </p>
   </div>
   <div class='ocr_carea' id='block_1_8' title="bbox 669 2576 1701 2658">
    <p class='ocr_par' dir='ltr' id='par_1_8' title="bbox 669 2576 1701 2658">
     <span class='ocr_line' id='line_1_30' title="bbox 669 2576 1701 2658; baseline -0.002 -22"><span class='ocrx_word' id='word_1_222' title='bbox 669 2578 925 2636; x_wconf 84' lang='lat' dir='ltr'>Guidoni</span> <span class='ocrx_word' id='word_1_223' title='bbox 953 2577 1217 2658; x_wconf 78' lang='lat' dir='ltr'>Septimo,</span> <span class='ocrx_word' id='word_1_224' title='bbox 1301 2577 1466 2636; x_wconf 87' lang='lat' dir='ltr'>Fam.</span> <span class='ocrx_word' id='word_1_225' title='bbox 1494 2576 1613 2636; x_wconf 85' lang='lat' dir='ltr'>xix.</span> <span class='ocrx_word' id='word_1_226' title='bbox 1644 2595 1701 2655; x_wconf 88' lang='lat'>9.</span> 
     </span>
    </p>
   </div>
   <div class='ocr_carea' id='block_1_9' title="bbox 222 2698 2100 3293">
    <p class='ocr_par' dir='ltr' id='par_1_9' title="bbox 394 2698 2099 2771">
     <span class='ocr_line' id='line_1_31' title="bbox 394 2698 2099 2771; baseline 0 -20"><span class='ocrx_word' id='word_1_227' title='bbox 394 2699 689 2752; x_wconf 87' lang='lat' dir='ltr'>VMORES</span> <span class='ocrx_word' id='word_1_228' title='bbox 715 2701 921 2753; x_wconf 89' lang='lat' dir='ltr'>Italicos</span> <span class='ocrx_word' id='word_1_229' title='bbox 949 2700 1203 2771; x_wconf 90' lang='lat' dir='ltr'>quotidie,</span> <span class='ocrx_word' id='word_1_230' title='bbox 1226 2700 1320 2753; x_wconf 90' lang='lat' dir='ltr'>nisi</span> <span class='ocrx_word' id='word_1_231' title='bbox 1341 2700 1505 2766; x_wconf 83' lang='lat' dir='ltr'>fallor,</span> <span class='ocrx_word' id='word_1_232' title='bbox 1527 2700 1592 2752; x_wconf 92' lang='lat' dir='ltr'>ad</span> <span class='ocrx_word' id='word_1_233' title='bbox 1612 2700 1907 2753; x_wconf 88' lang='lat' dir='ltr'>satietatem</span> <span class='ocrx_word' id='word_1_234' title='bbox 1928 2698 2071 2752; x_wconf 86' lang='lat' dir='ltr'>audis</span> <span class='ocrx_word' id='word_1_235' title='bbox 2084 2719 2099 2764; x_wconf 82' lang='lat'>3</span> 
     </span>
    </p>

    <p class='ocr_par' dir='ltr' id='par_1_10' title="bbox 222 2785 2100 3293">
     <span class='ocr_line' id='line_1_32' title="bbox 393 2785 2100 2856; baseline -0.001 -18"><span class='ocrx_word' id='word_1_236' title='bbox 393 2786 484 2856; x_wconf 92' lang='lat' dir='ltr'>qui</span> <span class='ocrx_word' id='word_1_237' title='bbox 515 2786 595 2838; x_wconf 92' lang='lat' dir='ltr'>vel</span> <span class='ocrx_word' id='word_1_238' title='bbox 630 2787 832 2839; x_wconf 90' lang='lat' dir='ltr'>utinam</span> <span class='ocrx_word' id='word_1_239' title='bbox 860 2788 1071 2839; x_wconf 87' lang='lat' dir='ltr'>rariores</span> <span class='ocrx_word' id='word_1_240' title='bbox 1106 2801 1271 2839; x_wconf 90' lang='lat' dir='ltr'>essent</span> <span class='ocrx_word' id='word_1_241' title='bbox 1306 2786 1387 2840; x_wconf 88' lang='lat' dir='ltr'>vel</span> <span class='ocrx_word' id='word_1_242' title='bbox 1418 2787 1586 2838; x_wconf 89' lang='lat' dir='ltr'>minus</span> <span class='ocrx_word' id='word_1_243' title='bbox 1621 2786 1866 2838; x_wconf 77' lang='lat' dir='ltr'>immiteS.</span> <span class='ocrx_word' id='word_1_244' title='bbox 1942 2785 2100 2838; x_wconf 91' lang='lat' dir='ltr'>Nunc</span> 
     </span>
     <span class='ocr_line' id='line_1_33' title="bbox 269 2872 2099 2943; baseline -0.001 -19"><span class='ocrx_word' id='word_1_245' title='bbox 269 2872 436 2925; x_wconf 91' lang='lat' dir='ltr'>crebri</span> <span class='ocrx_word' id='word_1_246' title='bbox 481 2872 918 2943; x_wconf 88' lang='lat' dir='ltr'>vehementesque</span> <span class='ocrx_word' id='word_1_247' title='bbox 962 2887 1084 2925; x_wconf 91' lang='lat' dir='ltr'>sunt</span> <span class='ocrx_word' id='word_1_248' title='bbox 1130 2888 1183 2925; x_wconf 92' lang='lat' dir='ltr'>et</span> <span class='ocrx_word' id='word_1_249' title='bbox 1222 2873 1393 2926; x_wconf 90' lang='lat' dir='ltr'>sonori</span> <span class='ocrx_word' id='word_1_250' title='bbox 1439 2872 1585 2938; x_wconf 88' lang='lat' dir='ltr'>adeo,</span> <span class='ocrx_word' id='word_1_251' title='bbox 1631 2886 1692 2925; x_wconf 94' lang='lat' dir='ltr'>ut</span> <span class='ocrx_word' id='word_1_252' title='bbox 1738 2891 1844 2924; x_wconf 92' lang='lat' dir='ltr'>non</span> <span class='ocrx_word' id='word_1_253' title='bbox 1889 2885 2099 2924; x_wconf 92' lang='lat' dir='ltr'>tantum</span> 
     </span>
     <span class='ocr_line' id='line_1_34' title="bbox 268 2957 2099 3030; baseline 0 -19"><span class='ocrx_word' id='word_1_254' title='bbox 268 2960 323 3011; x_wconf 92' lang='lat' dir='ltr'>in</span> <span class='ocrx_word' id='word_1_255' title='bbox 355 2959 553 3024; x_wconf 83' lang='lat' dir='ltr'>Galliis,</span> <span class='ocrx_word' id='word_1_256' title='bbox 586 2960 752 3012; x_wconf 90' lang='lat' dir='ltr'>vicina</span> <span class='ocrx_word' id='word_1_257' title='bbox 783 2961 1008 3029; x_wconf 89' lang='lat' dir='ltr'>regione,</span> <span class='ocrx_word' id='word_1_258' title='bbox 1039 2960 1129 3012; x_wconf 89' lang='lat' dir='ltr'>sed</span> <span class='ocrx_word' id='word_1_259' title='bbox 1160 2960 1300 3030; x_wconf 92' lang='lat' dir='ltr'>apud</span> <span class='ocrx_word' id='word_1_260' title='bbox 1332 2959 1487 3012; x_wconf 90' lang='lat' dir='ltr'>Indos</span> <span class='ocrx_word' id='word_1_261' title='bbox 1520 2974 1678 3030; x_wconf 91' lang='lat' dir='ltr'>atque</span> <span class='ocrx_word' id='word_1_262' title='bbox 1708 2959 1899 3012; x_wconf 87' lang='lat' dir='ltr'>Arabes</span> <span class='ocrx_word' id='word_1_263' title='bbox 1931 2957 2099 3011; x_wconf 89' lang='lat' dir='ltr'>audiri</span> 
     </span>
     <span class='ocr_line' id='line_1_35' title="bbox 222 3046 2096 3117; baseline -0.001 -18"><span class='ocrx_word' id='word_1_264' title='bbox 222 3070 245 3110; x_wconf 84' lang='lat'><em>5</em></span> <span class='ocrx_word' id='word_1_265' title='bbox 269 3061 481 3117; x_wconf 90' lang='lat' dir='ltr'>queant.</span> <span class='ocrx_word' id='word_1_266' title='bbox 548 3047 733 3115; x_wconf 88' lang='lat' dir='ltr'>Magni</span> <span class='ocrx_word' id='word_1_267' title='bbox 763 3061 885 3099; x_wconf 90' lang='lat' dir='ltr'>sunt</span> <span class='ocrx_word' id='word_1_268' title='bbox 917 3066 1089 3099; x_wconf 88' lang='lat' dir='ltr'>rerum</span> <span class='ocrx_word' id='word_1_269' title='bbox 1121 3062 1311 3113; x_wconf 80' lang='lat' dir='ltr'>motuS,</span> <span class='ocrx_word' id='word_1_270' title='bbox 1343 3048 1516 3117; x_wconf 88' lang='lat' dir='ltr'>magni</span> <span class='ocrx_word' id='word_1_271' title='bbox 1548 3047 1802 3100; x_wconf 90' lang='lat' dir='ltr'>bellorum</span> <span class='ocrx_word' id='word_1_272' title='bbox 1831 3046 2096 3117; x_wconf 88' lang='lat' dir='ltr'>strepitus,</span> 
     </span>
     <span class='ocr_line' id='line_1_36' title="bbox 269 3133 2094 3204; baseline 0.001 -19"><span class='ocrx_word' id='word_1_273' title='bbox 269 3152 453 3202; x_wconf 87' lang='lat' dir='ltr'>magna</span> <span class='ocrx_word' id='word_1_274' title='bbox 475 3133 814 3203; x_wconf 90' lang='lat' dir='ltr'>imperiorum</span> <span class='ocrx_word' id='word_1_275' title='bbox 838 3134 1074 3203; x_wconf 87' lang='lat' dir='ltr'>iugisque</span> <span class='ocrx_word' id='word_1_276' title='bbox 1097 3134 1309 3199; x_wconf 90' lang='lat' dir='ltr'>collisio,</span> <span class='ocrx_word' id='word_1_277' title='bbox 1335 3153 1518 3203; x_wconf 89' lang='lat' dir='ltr'>magna</span> <span class='ocrx_word' id='word_1_278' title='bbox 1543 3133 1768 3204; x_wconf 92' lang='lat' dir='ltr'>denique</span> <span class='ocrx_word' id='word_1_279' title='bbox 1789 3133 1956 3186; x_wconf 87' lang='lat' dir='ltr'>famae</span> <span class='ocrx_word' id='word_1_280' title='bbox 1977 3152 2094 3197; x_wconf 73' lang='lat' dir='ltr'>VOX,</span> 
     </span>
     <span class='ocr_line' id='line_1_37' title="bbox 269 3219 2095 3293; baseline -0.001 -22"><span class='ocrx_word' id='word_1_281' title='bbox 269 3237 505 3289; x_wconf 91' lang='lat' dir='ltr'>quaeque</span> <span class='ocrx_word' id='word_1_282' title='bbox 537 3238 642 3271; x_wconf 92' lang='lat' dir='ltr'>non</span> <span class='ocrx_word' id='word_1_283' title='bbox 670 3219 827 3271; x_wconf 91' lang='lat' dir='ltr'>modo</span> <span class='ocrx_word' id='word_1_284' title='bbox 854 3219 1007 3289; x_wconf 91' lang='lat' dir='ltr'>Alpes</span> <span class='ocrx_word' id='word_1_285' title='bbox 1034 3221 1241 3290; x_wconf 86' lang='lat' dir='ltr'>patrias,</span> <span class='ocrx_word' id='word_1_286' title='bbox 1268 3220 1356 3272; x_wconf 94' lang='lat' dir='ltr'>sed</span> <span class='ocrx_word' id='word_1_287' title='bbox 1383 3220 1540 3272; x_wconf 89' lang='lat' dir='ltr'>maria</span> <span class='ocrx_word' id='word_1_288' title='bbox 1569 3219 1788 3273; x_wconf 89' lang='lat' dir='ltr'>transilit</span> <span class='ocrx_word' id='word_1_289' title='bbox 1817 3260 1828 3273; x_wconf 91' lang='lat'>.</span> <span class='ocrx_word' id='word_1_290' title='bbox 1859 3260 1871 3272; x_wconf 96' lang='lat'>.</span> <span class='ocrx_word' id='word_1_291' title='bbox 1902 3260 1914 3272; x_wconf 97' lang='lat'>.</span> <span class='ocrx_word' id='word_1_292' title='bbox 1993 3219 2095 3293; x_wconf 83' lang='lat' dir='ltr'>[He</span> 
     </span>
    </p>
   </div>
  </div>
 </body>
</html>
