2242 3600
922 185 1300 239 SOCRATI
1937 203 2030 257 117

674 388 897 468 Socrati
922 409 1037 448 suo.
1120 387 1285 448 Fam.
1318 412 1414 449 xx.
1452 404 1541 467 15.

244 517 658 583 AMDVDVM,
697 518 769 570 mi
808 517 1058 583 Socrates,
1096 532 1255 571 cessat
1292 519 1431 571 inter
1473 538 1564 572 nos
1603 518 1904 572 vicissitudo
1940 518 2029 572 illa

242 604 557 670 litterarum,
593 623 841 674 magnum
885 604 1146 657 absentiae
1188 605 1498 671 remedium,
1543 606 1687 659 cuius
1735 607 2028 659 cessationis

188 705 242 743 et
288 692 565 762 occupatio
610 691 883 761 utriusque
927 705 1164 744 nostrum
1210 705 1264 744 et
1309 691 1508 745 multae
1550 694 1690 745 forte
1735 691 1862 745 aliae
1904 706 2028 746 sunt

187 797 382 830 causae.
453 777 565 843 Illa,
600 778 653 829 ni
685 776 851 842 fallor,
885 778 1123 831 omnium
1156 778 1397 844 maxima,
1432 778 1576 849 quod
1606 779 1825 852 materia
1859 778 2106 857 deessem

186 865 375 934 incipit
402 863 675 916 scribendi.
737 864 927 934 Neque
951 864 1144 917 mirum
1168 864 1225 917 id
1249 865 1397 918 nobis
1423 857 1655 919 accidefe
1679 865 1825 937 quod
1848 864 2029 919 Tullio
2051 887 2075 927 5

187 949 377 1002 accidit
410 964 463 1002 et
495 949 695 1002 Attico,
765 950 954 1003 Nullus
988 964 1164 1003 tantus
1196 965 1274 1004 est
1307 971 1532 1018 acervus,
1566 952 1659 1023 qui
1691 971 1798 1005 non
1831 951 2029 1004 assidue
2100 945 2104 950 ’

187 1037 513 1089 detrahendo
553 1036 844 1090 decrescere
881 1051 935 1090 et
973 1038 1028 1090 in
1066 1037 1289 1091 nihilum
1328 1039 1462 1091 verti
1500 1052 1676 1110 queat.
1751 1038 2029 1109 Quidquid

184 1124 488 1190 sciebamUS,
531 1123 687 1176 credo
728 1124 831 1175 iam
872 1124 1079 1194 iugibus
1119 1125 1387 1195 scripturis
1422 1125 1772 1192 exhausimus
1867 1125 2028 1186 Quod

183 1230 350 1264 unum
387 1211 546 1263 hodie
578 1230 632 1263 se
668 1211 841 1276 offert,
877 1211 1016 1264 inter
1054 1225 1107 1264 te
1144 1226 1198 1264 et
1235 1197 1491 1278 Laeliufn,
1524 1231 1610 1264 me
1645 1212 1910 1278 hortante,
1946 1232 2025 1264 re-

183 1300 465 1350 formatam
494 1298 778 1351 amicitiam
808 1311 860 1350 et
888 1298 943 1350 in
970 1299 1191 1368 gratiam
1220 1298 1451 1352 reditum
1480 1319 1601 1365 esse,
1632 1299 1734 1352 tuis
1761 1313 1816 1351 et
1842 1299 1943 1351 suis
1971 1313 2026 1352 et
2052 1327 2095 1353 10

124 1403 130 1408 ·
186 1386 477 1439 multorum
506 1385 694 1438 litteris
725 1385 881 1438 audio
911 1399 965 1438 et
994 1385 1198 1456 gaudeo
1224 1386 1500 1452 mehercle,
1529 1386 1701 1458 deque
1726 1385 2024 1438 reconcilia-

187 1473 332 1525 tione
370 1473 466 1524 hac
507 1490 665 1543 quam
707 1471 772 1524 de
812 1471 916 1524 ulla
956 1492 1011 1524 re
1050 1472 1147 1525 alia
1184 1472 1370 1526 laetior
1406 1492 1539 1526 sum.
1617 1474 1758 1526 Bene
1798 1472 2024 1537 accidit;

183 1559 372 1628 gratias
417 1559 553 1625 Deo,
599 1559 787 1628 gratias
832 1559 995 1612 vobis.
1079 1559 1175 1612 Ille
1219 1561 1489 1631 inspiravit
1535 1560 1628 1631 hos
1674 1560 1890 1633 animos,
1936 1580 2042 1634 yos

180 1646 412 1731 spiritu-i
422 1646 625 1725 aditum
657 1666 764 1718 non
795 1647 1032 1725 negastis,
1100 1647 1351 1701 Laudatis
1384 1648 1540 1700 ambo
1571 1648 1814 1701 certatim
1843 1647 2023 1701 stilum

180 1716 379 1799 meum,
417 1733 508 1804 qui
544 1752 665 1786 cum
700 1752 904 1830 semper
933 1733 1184 1801 incultus,
1222 1749 1350 1788 tunc
1386 1735 1694 1806 improvisus
1731 1754 1788 1786 ac
1825 1735 2023 1788 tumul·
2051 1759 2095 1800 ις

184 1821 381 1873 tuarius
404 1834 465 1872 ut
489 1834 617 1872 esset
640 1834 694 1872 et
717 1820 840 1872 anni
864 1835 1089 1892 tempus,
1113 1836 1167 1874 et
1191 1821 1293 1874 diei
1316 1822 1459 1888 hora,
1484 1836 1538 1874 et
1561 1822 1736 1875 nuntii
1758 1821 2024 1874 festinatio

183 1920 485 1976 coegerunt.
548 1906 736 1959 Tantis
766 1921 942 1960 tamen
969 1908 1153 1978 plenus
1181 1909 1454 1962 affectibus
1481 1909 1799 1980 pietatisque
1825 1909 2025 1962 facibus

183 2012 242 2044 ac
291 1977 515 2046 stimulis
565 1994 687 2059 fuit,
728 2008 788 2047 ut
839 1994 965 2065 ipse,
1004 1995 1107 2047 iam
1159 1997 1394 2076 memini,
1435 1996 1613 2049 Deum
1666 2010 1846 2061 testor,
1884 1996 2023 2049 inter

180 2080 515 2133 scribendum
538 2080 772 2133 lacrimas
797 2101 904 2134 non
931 2096 1181 2135 tenerem.
1243 2080 1411 2136 Era‘tis
1437 2097 1559 2136 ante
1583 2082 1759 2136 oculos
1782 2102 1871 2136 vos
1897 2082 2022 2150 du0,

181 2181 329 2220 erant
362 2168 515 2219 amici
548 2186 726 2219 omnes
760 2182 933 2220 vestro
967 2168 1176 2221 dissidio
1211 2169 1419 2235 deiecti,
1453 2184 1602 2223 erant
1637 2169 2022 2240 triumphantes
2046 2198 2094 2226 20

181 2254 388 2320 aemuli,
433 2269 581 2307 erant
625 2255 746 2307 anni
789 2257 1060 2326 praeteriti
1106 2270 1253 2309 tanta
1296 2257 1574 2310 concordia
1617 2258 1801 2310 exacti.
1880 2258 2021 2311 Hinc

177 2340 407 2411 impetus
453 2341 712 2412 incompti
757 2343 1024 2407 sermoniS,
1072 2343 1194 2395 hinc
1239 2343 1481 2419 lgcrimae
1525 2344 1813 2397 scribentis.
1887 2345 2022 2397 -Non

178 2426 467 2496 ingenium,
493 2447 600 2480 non
623 2427 788 2494 stilus,
814 2428 904 2480 sed
935 2430 1266 2500 propositum
1291 2445 1345 2483 et
1371 2430 1550 2484 adiuta
1583 2430 1832 2483 divinitus
1856 2431 2021 2502 pietas

178 2513 360 2566 valuit.
433 2514 622 2585 Itaque
657 2534 745 2567 vos
782 2529 843 2567 ut
878 2515 1009 2568 libet
1045 2536 1141 2586 ego
1177 2517 1308 2569 nihil
1342 2517 1517 2582 laudo,
1555 2518 1651 2570 nisi
1688 2516 2019 2569 divinitatem

179 2600 320 2653 unde
346 2615 422 2653 est
461 2601 722 2672 quidquid
747 2616 824 2654 est
850 2602 992 2668 boni,
1020 2617 1073 2654 et
1099 2618 1323 2656 vestram
1349 2604 1735 2657 humanitatem
1760 2604 2019 2657 bonorum
2042 2628 2089 2668 25

180 2687 513 2740 consiliorum
551 2707 657 2740 non
696 2707 940 2759 capacem
977 2689 1137 2742 modo
1173 2690 1264 2743 sed
1302 2710 1558 2762 rapacem.
1633 2691 1926 2744 Generosos
1963 2706 2018 2744 et

180 2774 284 2825 mei
322 2775 693 2827 amantissimos
732 2795 951 2845 agnosco
990 2777 1204 2830 animos.
1278 2778 1551 2831 Benedicti
1589 2798 1678 2831 vos
1716 2773 1744 2829 a
1782 2778 2018 2830 Domino

179 2860 271 2931 qui
292 2874 346 2912 et
366 2860 511 2913 vobis
539 2861 887 2931 dignissimam
909 2881 1019 2915 rem
1036 2864 1226 2917 fecistis
1244 2879 1297 2917 et
1319 2865 1448 2918 mihi
1468 2864 1738 2935 gaudium,
1755 2878 2017 2935 quantum

176 2947 389 3000 aliunde
423 2948 657 3018 praeberi
693 2968 800 3002 non
835 2963 1062 3020 poterat,
1098 2951 1422 3021 praebuistis.
1494 2952 1583 3033 Mi
1616 2951 1868 3034 Socrates,
1904 2950 2017 3004 vale

173 3035 338 3088 nostri
363 3054 580 3088 memor.
1483 3027 1751 3037 *****
2037 3063 2088 3104 30

242 3119 554 3186 Mediolani,
584 3139 652 3173 1v.
682 3121 805 3173 Idus
833 3120 1118 3193 Februarii,
1145 3136 1267 3175 ante
1291 3122 1462 3176 lucem
1487 3121 1687 3193 [1359]
