2242 3600
602 200 993 255 GVIDONI
1049 199 1440 283 SEP=T1MO
1842 213 1937 267 109

94 333 261 385 writes
287 330 345 400 of
356 328 527 400 public
554 327 832 380 calamities
858 326 986 396 only,
1017 325 1118 378 and
1144 345 1331 378 assures
1358 326 1436 378 his
1449 324 1629 395 friend
1658 324 1768 376 that
1795 323 1866 376 all
1893 324 1938 376 is

95 418 204 471 well
237 417 358 470 with
398 416 500 468 him
533 412 853 485 personally]
918 413 1076 465 Nunc
1108 432 1174 464 ne
1206 427 1259 464 te
1290 412 1509 483 amplius
1548 410 1937 481 exspectatione

97 515 389 570 torqueam,
426 497 572 569 quod
608 496 985 549 destinaveram
1012 495 1267 565 expedi03
1317 509 1369 547 et
1396 495 1590 547 omissis
1622 493 1935 558 rumoribuS,
1962 520 2009 549 10

96 587 188 658 qui
231 585 430 638 assidue
472 602 615 637 aures
659 596 773 635 tuas
816 583 954 634 fama
996 582 1316 634 vociferante
1357 582 1762 645 circumsonant,
1807 598 1936 649 quos

97 673 249 726 nullis
276 671 544 725 annalibus
571 667 946 739 comprehendi
971 687 1117 738 posse
1142 668 1471 734 crediderim,
1486 668 1591 738 'qui
1616 667 1739 719 Pisis
1766 679 1818 718 et
1845 666 1937 736 qui

98 759 242 812 Senis
292 757 612 830 populorum
662 769 855 820 motuS,
907 769 1042 825 quot
1091 755 1147 807 in
1196 755 1332 808 latus
1383 754 1621 808 revoluta
1683 752 1936 816 Bononia,

96 847 335 918 quisnam
372 844 571 916 patriae
606 861 752 895 meae
786 855 968 907 status,
1009 841 1214 895 utinam
1252 856 1314 895 ut
1349 840 1582 894 florentis
1612 858 1834 910 semper,
1866 838 1938 890 sic

98 931 379 1004 aliquando
437 930 755 994 fructiferae,
812 928 943 999 quid
996 926 1119 981 fleat
1176 912 1400 994 Roma,—
1418 927 1549 999 quid
1608 926 1939 996 Parthenope
1965 946 2009 989 15

98 1033 319 1085 metuat,
353 1031 414 1071 ut
453 1016 604 1069 rebus
635 1015 754 1086 ipsis
795 1033 1086 1084 cognomen
1116 1034 1268 1068 suum
1299 1016 1465 1068 Terra
1498 1014 1715 1067 Laboris
1747 1031 1937 1083 aequa-

97 1106 248 1172 verit,
274 1105 462 1176 quibus
488 1102 711 1155 aestibus
735 1101 979 1154 odiorum
1002 1103 1200 1155 ferveat
1223 1101 1625 1173 sulphurulenta
1646 1099 1936 1164 Trinacria,

98 1191 229 1263 quid
256 1204 374 1260 agat
403 1190 583 1255 Ianua,
613 1188 744 1259 quid
771 1202 920 1259 paret
948 1188 1180 1257 Liguria,
1210 1188 1341 1259 quid
1369 1187 1592 1240 Aemilia
1620 1185 1817 1255 cogitet
1847 1199 1938 1238 aut

97 1279 364 1342 Picenum,
409 1294 568 1346 quam
610 1274 856 1327 insomnis
901 1288 954 1326 et
997 1274 1250 1327 laboriosa
1291 1275 1538 1339 Mantua,
1583 1291 1743 1344 quam
1782 1272 1938 1324 meti-

95 1364 271 1418 culosa
309 1362 557 1427 Ferraria,
591 1379 750 1432 quam
788 1360 996 1413 Verona
1034 1361 1336 1414 miserabilis
1369 1360 1616 1413 Acteonis
1649 1360 1704 1411 in
1738 1377 1938 1410 morem
1964 1378 2012 1406 20

98 1451 199 1504 suis
244 1451 352 1521 ipsa
396 1448 608 1502 canibus
652 1447 925 1513 laceretur,
973 1461 1034 1500 ut
1080 1447 1358 1500 barbaricis
1402 1465 1606 1517 semper
1649 1444 1938 1498 incursibus

99 1550 316 1608 pateant
342 1535 582 1606 Aquileia
610 1548 663 1587 et
689 1533 1030 1600 Tridentum,
1059 1548 1344 1605 postremO,
1373 1533 1639 1605 pudorum
1666 1532 1938 1596 maximuS‚

99 1624 192 1695 qui
240 1622 564 1702 praedonum
614 1634 792 1673 coetus
841 1640 935 1690 per
984 1620 1193 1674 Italiam
1242 1634 1609 1693 pervagentur,
1659 1633 1828 1690 utque
1876 1617 1942 1670 de

99 1705 485 1782 provinciarum
518 1709 730 1761 domina
767 1727 1033 1761 servorum
1070 1709 1137 1761 sit
1176 1710 1315 1762 facta
1349 1707 1635 1779 provincia,
1673 1705 1738 1759 ad
1767 1705 1940 1758 Vene-

104 1812 297 1863 torum,
324 1810 386 1850 ut
423 1796 562 1849 Livii
592 1795 754 1848 verbo
792 1808 927 1861 utar,
961 1795 1211 1865 angulum
1250 1809 1304 1848 et
1343 1795 1409 1847 ad
1447 1814 1523 1860 ea,
1552 1813 1686 1865 quae
1724 1792 1941 1846 vixdum
1965 1814 2010 1857 ²5

100 1898 248 1956 potes
288 1883 504 1949 audisse,
543 1882 751 1935 festin0.
834 1882 941 1942 Qui
987 1882 1125 1935 bello
1163 1901 1285 1936 cum
1324 1880 1662 1935 Ianuensibus
1702 1893 1943 1950 suscepto

101 1991 167 2025 ne
207 1970 377 2023 dicam
417 1989 482 2023 an
523 1969 736 2022 detecto
775 1968 959 2038 (latens
1001 1969 1141 2022 enim
1182 1969 1379 2023 bellum
1419 1968 1639 2022 defuisse
1671 1985 1942 2038 nunquam

101 2057 275 2129 puto),
331 2057 470 2109 intra
536 2055 693 2109 breve
761 2069 968 2126 tempus
1036 2056 1268 2126 primum
1322 2056 1468 2121 victi,
1525 2073 1648 2107 mox
1701 2054 1941 2118 victoreS,

102 2161 306 2197 rursum
355 2143 550 2195 maiore
596 2141 797 2212 proelio
844 2142 971 2195 victi
1018 2156 1161 2208 sunt,
1211 2143 1267 2195 in
1315 2161 1422 2213 quo
1469 2141 1567 2194 illis
1614 2140 1830 2212 quidem
1881 2153 1942 2192 ut

102 2229 402 2306 hominibus
434 2243 594 2300 atque
616 2228 770 2281 *Italis
802 2229 1113 2299 compatior,
1146 2229 1276 2282 mihi
1308 2243 1486 2282 autem
1515 2227 1766 2298 gratulor,
1798 2225 1943 2297 quod
1965 2252 2015 2292 30

98 2305 908 2381 baec-eismalatnmniaventura
927 2314 1536 2387 praevidiptaediztiqne,
1558 2333 1665 2367 non
1685 2327 1942 2366 astrorum

102 2403 299 2456 iudicio
321 2416 412 2456 aut
434 2402 542 2455 ullo
563 2402 798 2455 vaticinii
818 2421 1022 2472 genere,
1046 2402 1191 2472 quod
1214 2416 1391 2455 totum
1414 2401 1641 2472 despicio
1663 2401 1942 2470 reicioque,

103 2489 195 2542 sed
220 2489 483 2560 praesagio
508 2488 740 2559 quodam
767 2489 956 2541 mentis
984 2502 1037 2541 et
1064 2489 1372 2558 urgentibus
1397 2488 1726 2553 coniecturiS,
1754 2486 1943 2558 quibus

104 2577 160 2628 in
186 2594 300 2628 eam
324 2575 640 2628 sententiam
668 2575 926 2640 trahebar,
954 2589 1016 2628 ut
1041 2575 1218 2629 videre
1243 2576 1373 2628 mihi
1399 2589 1527 2628 tunc
1552 2573 1771 2639 viderer,
1799 2572 1944 2644 quod

107 2681 248 2715 nunc
278 2661 448 2715 video,
515 2661 694 2732 Atque
726 2662 931 2715 utinam
965 2661 1071 2714 dux
1101 2661 1350 2727 AndreaS,
1384 2662 1475 2732 qui
1507 2678 1681 2713 rerum
1712 2677 1947 2712 summae
1966 2681 2014 2723 35

107 2763 237 2802 tunc
260 2762 512 2818 praeerat,
537 2748 694 2800 hodie
717 2748 952 2813 viveret;
997 2748 1311 2818 exagitarem
1335 2767 1456 2801 eum
1478 2747 1665 2800 litteris
1689 2760 1742 2798 et
1766 2765 1944 2798 omnes

107 2833 307 2887 aculeos
330 2834 621 2886 incuterem
645 2853 702 2886 ac
726 2847 840 2886 tota
863 2847 1039 2886 uterer
1059 2833 1319 2886 libertate.
1380 2834 1587 2885 Bonum
1609 2832 1750 2884 enim
1773 2832 1944 2884 virum

108 2933 269 2990 atque
311 2920 576 2988 integrum
619 2939 845 2991 suaeque
888 2919 1204 2990 reipublicae
1246 2920 1658 2972 amantissimum
1701 2917 1944 2981 sciebam,

110 3006 330 3059 doctum
359 3019 625 3076 praeterea
654 3020 707 3059 et
736 3006 1023 3059 facundum
1052 3020 1107 3060 et
1135 3007 1573 3078 circumspectum
1601 3019 1655 3057 et
1685 3003 1945 3057 affabilem

109 3107 163 3146 et
190 3093 393 3146 mitem.
456 3092 574 3145 Vno
601 3106 778 3145 tamen
803 3092 1123 3159 offendebar,
1151 3093 1296 3165 quod
1322 3092 1445 3145 belli
1478 3091 1654 3145 studio
1682 3090 1947 3143 ardentior
1967 3112 2018 3149 40

111 3193 222 3232 erat
274 3196 432 3248 quam
494 3192 710 3231 naturae
769 3198 827 3231 ac
886 3179 986 3231 suis
1039 3180 1269 3233 moribus
1300 3160 1643 3233 conveniret.
1731 3177 1945 3230 Viventi

110 3265 355 3336 equidem
405 3284 510 3316 non
558 3267 784 3336 peperci,
835 3280 888 3318 et
937 3285 1171 3337 praesens
1219 3266 1380 3319 verbo
1427 3280 1481 3318 et
1531 3265 1708 3317 absens
1755 3263 1946 3316 litteris
