2242 3600
218 216 281 253 22
387 199 792 253 IOHANNI
850 198 1352 252 COLVMNAE
1407 198 1907 252 CARDINALI

212 328 463 397 ingressus
490 347 622 394 sum,
650 329 749 380 hoc
777 328 960 380 eodem
989 329 1074 382 die
1097 329 1235 382 sibi
1221 330 1318 400 1psi
1345 330 1644 382 restitutam
1672 328 1876 393 urbem,
1903 326 2055 397 pulso

212 414 334 466 hinc
374 414 630 483 praesidio
662 411 1033 491 tyrannorum,
1075 416 1131 468 in
1171 434 1330 486 quam
1373 428 1591 484 repente
1631 428 1837 466 mutata
1879 430 2053 465 rerum

212 501 342 552 facie
382 515 542 570 atque
580 500 873 552 incredibili
912 492 1113 570 gaudio
1143 502 1393 575 liberatae
1427 494 1620 571 plebis,
1643 500 1807 572 [pax,]
1843 500 2054 552 libertas

213 601 266 638 et
306 587 504 638 iustitia
545 587 758 638 rediere.
776 582 778 588 ¹
834 587 937 638 Hic
977 607 1099 656 ergo
1138 571 1377 657 precibus
1418 605 1599 639 eorum
1640 588 1826 652 victuS,
1863 585 2054 656 quibus

149 691 191 719 10
212 673 415 724 veniam
468 687 613 724 tuam
666 691 980 724 accessuram
1031 673 1128 742 ipsi
1177 687 1386 743 sperant
1437 686 1490 724 et
1541 691 1636 741 ego
1687 690 1794 722 non
1845 669 2063 734 dubito,-

214 772 463 810 aestatem
497 778 645 827 agere
675 759 731 811 in
762 759 996 809 animum
1027 758 1227 810 induxi.
1296 759 1481 810 Iurant
1513 758 1651 809 enim
1683 777 1735 809 se
1764 755 2056 826 praesentia

212 863 326 897 mea
362 844 646 896 admodum
683 864 848 913 egere,
885 844 1031 914 quod
1064 845 1423 914 indulgentiae
1458 863 1565 896 non
1599 843 1915 896 necessitatis
1951 861 2056 894 esse

211 945 414 982 certum
440 945 532 982 est.
604 931 707 983 Cui
733 931 871 982 enim
898 931 1012 982 usui
1035 931 1091 982 in
1114 931 1214 982 hoc
1238 944 1380 982 statu
1404 949 1578 982 rerum
1604 931 1700 982 sim
1729 934 1746 982 ?
1809 930 1935 981 Non
1958 946 2055 997 ego

209 1016 417 1068 urbanis
439 1016 761 1086 strepitibus,
784 1015 874 1068 sed
895 1016 1215 1069 silvestribus
1243 1016 1456 1068 silentiis
1480 1016 1729 1080 delector,
1753 1034 1860 1066 non
1878 1014 2054 1083 legum

141 1122 186 1164 15
210 1117 300 1155 aut
329 1122 591 1154 armorum
621 1104 771 1168 curis,
794 1102 883 1155 sed
910 1102 1182 1155 solitudini
1210 1117 1263 1155 et
1290 1103 1401 1154 otio
1429 1117 1580 1155 natus
1610 1121 1741 1154 sum.
1801 1101 1908 1170 Ipsi
1934 1100 2054 1170 qui-

210 1190 328 1241 dem
368 1190 479 1241 voti
519 1190 622 1240 mei
659 1190 849 1241 conscii
885 1190 1070 1241 miram
1111 1190 1241 1240 mihi
1281 1190 1516 1259 quietem
1556 1189 1891 1258 pollicentur,
1933 1204 2054 1238 cum

209 1278 381 1344 fragor
421 1276 504 1327 hic
544 1290 599 1327 et
647 1275 799 1327 ardor
848 1276 1080 1327 laetitiae
1129 1275 1397 1344 gestientis
1449 1274 1752 1327 assiduitate
1803 1273 2051 1343 tepuerit.

208 1361 485 1431 Quidquid
513 1363 629 1426 erit,
650 1380 758 1413 mos
785 1361 1042 1430 gerendus
1070 1362 1174 1413 fuit
1197 1361 1422 1430 benigne
1443 1360 1795 1430 precantibus,
1851 1359 2054 1411 Hiemis
2081 1354 2084 1356 Ὗ
2136 1407 2139 1408 ⁷

208 1448 362 1499 initio
389 1466 473 1499 me
500 1447 697 1500 videbis
721 1469 734 1512 3
775 1449 849 1499 ita
870 1447 1004 1513 dico,
1027 1448 1122 1499 nisi
1141 1447 1222 1499 vel
1243 1447 1341 1499 tibi
1361 1447 1513 1499 citius
1533 1447 1614 1500 vel
1634 1449 1878 1499 fortunae
1896 1445 2055 1497 serius

137 1558 186 1587 20
208 1533 478 1604 placuerit.
551 1534 695 1586 Vale.
758 1553 805 1586 X.
839 1534 1098 1587 Kalendas
1127 1534 1268 1586 Iunii
1292 1533 1489 1604 [1341].

409 1747 661 1807 Iohanni
695 1747 1005 1808 Columnae
1037 1748 1371 1808 Cardinali.
1443 1748 1606 1807 Fam.
1640 1749 1717 1808 iv.
1757 1768 1844 1808 12.

207 1871 535 2002 VRGET
575 1871 741 1936 dolor,
780 1872 1025 1924 hortatur
1063 1874 1246 1925 caritas
1292 1887 1353 1925 ut
1398 1865 1618 1924 scribam
1659 1873 1893 1944 aliquid3
1947 1873 2052 1927 sola

336 1958 626 2028 desperatio
668 1960 934 2027 profectus
980 1958 1307 2012 dehortatur.
1398 1958 1573 2011 Credo
1619 1961 1757 2011 enim
1804 1962 2050 2013 recentis-

207 2045 396 2096 simum
444 2044 616 2096 adhuc
663 2045 823 2096 animi
872 2045 950 2096 tui
996 2046 1184 2097 vulnus
1232 2045 1419 2098 talibus
1467 2045 1664 2097 auxiliis
1711 2065 1819 2098 non
1864 2067 2049 2115 egere3

206 2132 381 2183 vincet
427 2131 592 2195 dolor,
637 2132 814 2183 vincet
858 2150 1021 2197 amor,
1067 2132 1219 2184 cedet
1264 2132 1571 2203 desperatio.
1654 2133 1847 2185 Insitae
1891 2133 2050 2186 devo-

161 2218 363 2274 5tionis
411 2203 990 2288 imperionamnatum
1040 2220 1239 2289 saepius
1288 2233 1341 2271 et
1391 2219 1655 2271 abiectum
1704 2233 1938 2272 revertor
1986 2220 2052 2272 ad

207 2304 480 2357 calamum.
557 2304 639 2356 Sic
677 2305 835 2370 enim,
874 2306 970 2357 etsi
1008 2306 1139 2357 nihil
1176 2306 1414 2375 amplius,
1454 2306 1710 2375 tantisper
1745 2307 2052 2376 evaporabit
2102 2348 2104 2350 ψ

205 2393 320 2457 iste,
373 2392 465 2463 qui
515 2411 600 2444 me
650 2394 791 2445 intus
843 2395 950 2446 urit
1002 2409 1055 2446 et
1106 2406 1428 2464 praegravat,
1481 2394 1809 2446 calamitosae
1859 2396 2051 2448 mentis

208 2480 461 2543 affectus3
529 2493 689 2550 atque
735 2480 939 2531 utinam
987 2481 1208 2532 maerori
1257 2494 1351 2532 tuo
1398 2499 1505 2532 non
1549 2481 1948 2550 intempestivus
1997 2496 2051 2534 et

207 2566 541 2634 importunus
569 2566 861 2617 consolator
888 2568 1181 2618 accesserim
1207 2594 1224 2618 >.
1254 2608 1266 2618 .
1297 2607 1308 2618 .
1336 2565 1418 2636 [P.
1445 2579 1642 2636 expects
1670 2567 1779 2618 that
1804 2567 1883 2618 his
1906 2568 2052 2620 letter

138 2674 184 2700 10
207 2652 314 2704 will
341 2671 500 2703 reneio
533 2652 612 2703 the
646 2653 939 2704 Cardinal's
964 2653 1138 2723 grief]

277 2739 566 2807 Nunquam
609 2739 805 2789 etenim
849 2758 1021 2790 casum
1066 2754 1218 2791 tuum
1260 2739 1427 2791 verbis
1469 2753 1749 2790 extenuare
1791 2741 2047 2806 tentabo;

208 2823 339 2875 illud
381 2824 555 2892 potius
599 2824 821 2888 fatebor,
867 2825 1069 2876 nullum
1115 2845 1176 2876 ex
1218 2825 1459 2876 omnibus
1503 2844 1632 2894 quos
1685 2845 1780 2894 ego
1831 2826 2046 2895 quidem

208 2909 445 2974 viderim,
489 2910 553 2961 de
594 2910 782 2979 quibus
825 2910 1077 2962 audierim
1122 2926 1211 2963 aut
1252 2911 1482 2980 legerim,
1525 2911 1640 2980 plus
1683 2912 1834 2964 unius
1875 2927 2048 2965 morte

208 2996 378 3047 fratris
416 2996 635 3047 amisisse
673 3037 684 3047 .
725 3037 735 3048 .
777 3038 788 3048 .
826 2996 930 3066 [He
964 2999 1179 3049 reminds
1217 2998 1472 3050 Giovanni
1509 2998 1618 3048 that
1653 2998 1731 3049 his
1764 3000 2048 3067 separation

142 3096 187 3138 Ι5
194 3083 330 3151 from
357 3083 435 3134 his
460 3083 652 3134 brother
679 3084 721 3133 is
747 3083 857 3152 only
888 3096 1178 3153 temporary,
1207 3085 1308 3136 and
1335 3085 1445 3136 that
1468 3101 1588 3135 even
1615 3084 1669 3135 in
1695 3084 1785 3152 life
1813 3084 2047 3138 Giacomo

209 3187 311 3220 was
336 3168 465 3237 often
491 3169 752 3238 separated
761 3169 897 3237 from
925 3170 1069 3240 him]
1132 3171 1243 3222 Iam
1270 3171 1357 3222 ille
1381 3170 1565 3240 procul
1593 3189 1620 3221 a
1645 3171 1815 3240 patria
1839 3172 2046 3240 genitus

211 3269 264 3307 et
286 3254 381 3308 sub
403 3254 492 3306 illo
513 3255 874 3324 gloriosissimo
895 3256 1054 3325 patris
1079 3256 1231 3309 exilio
1251 3256 1538 3326 productus
1560 3256 1616 3307 in
1636 3256 1826 3323 lucem,
1848 3257 2044 3327 primos
