2242 3600
258 158 354 210 186
946 156 1304 211 VRBANO
1358 157 1408 209 V

255 288 420 352 terris,
450 287 539 339 diu
573 287 820 356 sospitem
858 300 1008 338 tanto
1033 301 1200 339 servet
1227 287 1416 351 officio,
1446 300 1604 355 teque
1629 287 1752 339 hinc
1777 307 1890 340 sero
1917 287 2086 356 digre-

255 372 489 426 dientem
516 372 721 426 caelesti
746 372 866 425 sede
892 373 1124 443 recipiat.

322 460 518 524 Patavi,
543 479 658 511 vm.
689 458 812 511 Idus
835 459 968 511 Maii
989 458 1184 530 [1370]

256 675 334 733 M
337 645 566 734 atthaeo
601 676 787 754 Longo
821 676 1243 736 Archidiacono
1277 678 1635 737 Laodicensi.
1713 679 1836 738 Sen.
1874 678 1996 737 xiii.
2033 696 2088 758 7.

371 810 519 862 RAT
546 812 685 862 forte
714 810 819 862 dies
848 813 1007 864 festus
1045 831 1101 862 ac
1137 811 1413 876 sollemnis,
1444 831 1602 882 quem
1633 813 1761 864 mihi
1795 812 2091 865 sollemnio-

371 917 480 950 rem
509 898 632 950 fecit
660 917 717 948 ac
743 897 1013 949 laetiorem
1043 912 1252 949 tuarum
1274 898 1526 951 adventus
1552 899 1754 951 subitus
1778 898 2094 962 litterarum,

262 986 385 1050 dies,
414 986 648 1054 inquam,
671 984 763 1053 qui
792 983 858 1035 ad
885 984 1099 1053 vestigia
1128 983 1402 1037 Salvatoris
1425 985 1686 1038 adoranda
1714 1005 1854 1055 reges
1876 985 2002 1037 olim
2029 984 2095 1036 ab

261 1074 462 1125 oriente
516 1070 778 1140 perduxit.
870 1071 1028 1122 Nunc
1084 1070 1149 1121 ad
1212 1090 1295 1123 me
1348 1071 1697 1141 praedulciter
1762 1070 2095 1124 salutandum

217 1171 238 1211 5
262 1159 552 1212 mitissimas
598 1157 711 1209 talis
755 1157 906 1208 amici
947 1156 1146 1208 litteras
1190 1158 1254 1209 ab
1299 1172 1533 1210 extremo
1569 1157 1751 1210 attulit
1787 1157 2096 1222 occidente3

261 1246 531 1299 videntem
585 1243 759 1295 omnia
813 1243 1085 1295 Christum
1140 1257 1318 1308 testor,
1372 1245 1458 1296 vix
1512 1244 1614 1296 tale
1666 1244 1863 1314 aliquid
1913 1243 2098 1296 laetius

263 1347 502 1403 poteram
550 1330 745 1382 audire.
812 1331 1017 1383 Multos
1069 1331 1209 1381 enim
1253 1331 1356 1382 iam
1407 1351 1500 1401 per
1550 1351 1708 1383 annos
1757 1331 1822 1383 de
1870 1345 1923 1383 te
1969 1330 2099 1382 certi

266 1415 395 1467 nihil
434 1414 715 1478 audieram,
756 1432 878 1464 cum
918 1414 1068 1466 facies
1112 1427 1202 1465 tua
1241 1433 1444 1484 semper
1485 1415 1561 1466 his
1601 1414 1749 1466 affixa
1789 1413 2099 1484 praecordiis

266 1502 575 1565 inhaereret,
603 1519 762 1570 quam
790 1499 914 1551 inde
951 1499 1193 1552 divellere
1230 1520 1323 1552 nec
1358 1500 1481 1553 locis
1519 1520 1612 1553 nec
1650 1500 1972 1571 temporibus
2005 1519 2100 1552 nec

198 1600 244 1627 10
266 1587 509 1636 fortunae
555 1601 789 1652 unquam
835 1582 985 1634 licuit
1032 1597 1123 1634 aut
1168 1583 1364 1636 licebit.
1448 1584 1776 1636 Dubitabam
1825 1597 2001 1636 tamen
2047 1596 2102 1636 et

265 1668 482 1720 humani
505 1686 648 1718 more
670 1666 828 1718 animi
851 1666 1170 1731 metuebam,
1192 1668 1469 1737 praecipue
1495 1682 1774 1738 postquam
1795 1666 2103 1719 Mediolano

267 1754 370 1806 abii
399 1768 451 1805 et
481 1754 672 1805 amicus
703 1772 845 1804 meus
875 1753 1090 1822 quidam
1119 1753 1392 1806 fidissimus
1418 1754 1766 1823 Pergamensis
1794 1753 1944 1806 rebus
1974 1753 2103 1805 abiit

267 1841 523 1905 humanis,
555 1840 646 1909 qui
676 1840 788 1891 voti
818 1840 919 1890 mei
950 1840 1179 1892 conscius
1209 1859 1358 1910 saepe
1389 1860 1472 1892 me
1503 1841 1567 1893 de
1598 1855 1687 1893 tua
1716 1842 1823 1893 vita
1854 1860 1910 1892 ac
1938 1839 2105 1892 salute

268 1927 544 1979 certiorem
574 1945 713 1977 nunc
749 1925 910 1978 verbo
947 1945 1086 1978 nunc
1122 1926 1309 1978 litteris
1345 1927 1585 1979 faciebat.
1650 1927 1897 1987 Quamvis
1926 1939 2103 1978 autem

200 2028 246 2067 15
270 2032 360 2065 nos
417 2011 660 2064 mortales
717 2026 901 2063 natura
955 2012 1254 2082 protulerit,
1310 2027 1371 2065 ut
1428 2033 1598 2083 neque
1650 2011 2104 2064 immortalitatem

267 2118 471 2169 sperare
502 2117 672 2168 neque
703 2112 929 2150 mortem
961 2113 1195 2151 metuere
1226 2099 1533 2165 debeamus,
1553 2118 1761 2151 mecum
1792 2113 1970 2151 tamen
1996 2098 2107 2168 ipse

271 2186 575 2254 recogitans,
623 2198 829 2254 praeter
876 2198 929 2236 te
974 2199 1028 2237 et
1084 2186 1567 2238 reverendissimum
1612 2185 1933 2256 Philippum,
1979 2185 2106 2237 olim

275 2273 403 2324 dum
428 2274 485 2324 in
511 2272 653 2323 curia
672 2291 812 2351 quae
839 2272 1073 2324 Romana
1101 2272 1294 2325 dicitur
1319 2292 1655 2337 versaremur,
1683 2271 2106 2335 Cavallicensem,

276 2379 415 2411 nunc
470 2345 806 2410 Sabinensem
858 2358 1160 2428 episcopum
1206 2357 1537 2423 cardinalem,
1574 2357 1783 2427 ³nullum
1829 2357 1958 2409 mihi
2003 2357 2107 2408 iam

201 2460 252 2490 20
275 2463 472 2508 eorum,
513 2463 642 2513 quos
682 2464 709 2495 a
746 2444 1026 2496 iuventute
1066 2444 1351 2509 dilexerim,
1389 2430 1665 2514 superesse,
1706 2463 1813 2496 non
1849 2457 2107 2513 poteram,

275 2535 458 2594 fateor,
490 2549 595 2582 non
626 2531 827 2594 timere,
859 2530 923 2581 de
951 2544 1178 2600 utroque
1205 2530 1469 2595 sollicituS,
1501 2530 1565 2582 de
1595 2544 1647 2582 te
1676 2544 1852 2582 autem
1881 2549 1944 2581 eo
1968 2528 2107 2581 solli-

278 2618 432 2669 citior
459 2636 565 2686 quo
591 2617 869 2680 incertior,
911 2631 964 2668 et
993 2616 1182 2668 damna
1204 2635 1317 2668 mea
1344 2617 1562 2669 metiens
1590 2631 1750 2687 atque
1776 2616 2108 2668 dinumerans

278 2703 566 2772 crebroque
586 2703 842 2772 suspirans
863 2703 918 2754 in
938 2703 1145 2755 silentio
1173 2703 1441 2757 dicebam-1
1481 2705 1494 2728 ‘
1515 2704 1564 2756 O
1585 2703 1715 2774 quid
1736 2704 1842 2772 agit
1864 2722 2003 2756 nunc
2023 2703 2110 2755 ille

279 2810 424 2842 carus
446 2803 595 2858 pater
617 2803 670 2840 et
692 2789 884 2840 amicus
908 2793 1061 2841 tuus?
1102 2789 1152 2841 O
1168 2790 1207 2840 si
1229 2790 1358 2842 vivit
1381 2804 1432 2841 et
1453 2791 1675 2842 vestitur
1695 2809 1817 2842 aura
1837 2790 2107 2843 aetherea?

207 2887 256 2928 25
280 2878 329 2929 O
359 2877 399 2928 si
438 2875 570 2926 bene
599 2894 773 2926 secum
806 2876 1022 2975 agitur?
1091 2876 1141 2927 O
1180 2876 1383 2928 utinam
1422 2877 1563 2929 vivat
1596 2891 1648 2929 et
1686 2877 1854 2929 valeat
1892 2896 1987 2928 nec
2026 2895 2111 2929 me

277 2963 486 3015 solum
473 2981 527 3013 1n
562 2962 657 3013 hac
690 2950 990 3029 miserarum
1023 2962 1152 3014 valle
1186 2962 1473 3016 destituat!
1498 2965 1510 2987 ’
1576 2964 1732 3015 Nunc
1760 2963 1945 3032 gratias
1973 2964 2109 3029 Deo,

282 3050 347 3102 de
367 3069 473 3118 quo
493 3049 663 3112 timui,
685 3049 787 3099 iam
813 3048 1015 3117 gaudeo
1045 3063 1096 3100 et
1125 3049 1302 3100 exulto
1331 3068 1436 3101 non
1456 3051 1634 3103 vivum
1663 3050 1821 3102 modo
1847 3049 1996 3102 illum
2020 3049 2111 3102 sed

281 3135 598 3187 incolumem
626 3134 854 3186 audiens.
917 3135 1103 3187 Fecisti
1132 3136 1349 3204 optime,
1376 3150 1436 3188 ut
1460 3136 1604 3201 soles,
1630 3135 1822 3201 omnia,
1848 3136 1939 3205 qui
1967 3135 2110 3188 brevi

283 3221 500 3292 epistola
528 3220 682 3289 longa
712 3239 795 3272 me
823 3221 1172 3273 sollicitudine
1200 3221 1444 3275 liberasti.
