2242 3600
651 169 932 222 LVCAE
990 169 1099 221 DE
1152 167 1447 220 PENNA
1871 182 1969 236 197

124 297 345 350 flammis
363 311 749 371 grurerentum
784 317 892 369 quo
914 296 1212 368 spectaculo
1241 315 1348 348 non
1374 295 1525 347 aliter
1549 294 1782 363 ingemui
1804 311 1964 364 quam

122 384 165 438 si
193 385 303 455 ipse
330 384 514 438 iisdem
543 384 765 438 flammis
795 384 1049 437 iniicerer.
1115 382 1342 434 Proinde
1355 396 1539 461 pater,
1571 399 1694 433 nam
1725 379 1962 444 memini,

124 488 210 523 me
240 484 349 523 tam
380 485 638 524 maestum
673 470 1059 541 contemplatus
1088 469 1266 522 subito
1298 468 1425 521 duos
1454 467 1632 532 libros,
1662 485 1828 537 paene
1855 465 1960 517 iam

121 555 367 608 incendio
410 557 619 611 adustos
665 557 876 627 eripuit,
923 570 976 608 et
1020 555 1299 624 Virgilium
1346 555 1528 607 dextra
1573 568 1773 617 tenenS,
1816 551 1961 604 laeva

122 642 439 697 Rhetoricam
485 642 767 708 Ciceronis,
813 656 1102 712 utrumque
1158 640 1307 693 flenti
1353 640 1484 692 mihi
1526 638 1797 692 subridens
1852 638 2035 707 ipse80

121 729 370 799 porrexit.
444 730 459 754 ‘
482 730 551 781 Et
586 729 722 781 habe
759 728 857 781 tibi
892 728 1070 793 hune,'
1108 727 1302 797 inquit,
1342 728 1356 751 ‘
1379 746 1476 797 pro
1510 726 1696 779 solatio
1728 723 1960 796 quodam

120 833 237 868 raro
257 815 434 880 animi,
456 815 598 867 hunc
619 835 716 886 pro
742 814 1060 867 adminiculo
1086 813 1246 866 civilis
1271 813 1467 866 studii.'
1526 814 1621 865 His
1650 826 1759 864 tam
1785 810 1960 881 paucis

118 900 210 953 sed
254 915 364 954 tam
408 902 605 971 magnis
650 901 930 954 comitibus
975 901 1211 953 animum
1254 899 1462 964 solatuS,
1507 899 1741 951 lacrimas
1785 897 1959 968 pressi.

120 987 329 1039 Dehinc
369 987 504 1039 circa
543 988 738 1058 primos
779 1006 938 1039 annos
980 986 1373 1051 adolescentiae,
1416 986 1519 1038 mei
1559 985 1683 1037 iuris
1725 985 1960 1048 effectuS,

117 1072 260 1126 libris
291 1073 541 1143 legalibus
575 1074 842 1140 abdicatis,
878 1074 945 1126 ad
975 1073 1128 1126 solita
1160 1073 1403 1138 remeavi,
1438 1091 1500 1125 eo
1533 1071 1820 1125 ferventior
1853 1089 1961 1141 quo
1980 1084 2030 1135 85

118 1159 416 1231 interrupta
442 1159 724 1213 delectatio
748 1161 913 1213 acrior
937 1160 1091 1213 redit.

186 1246 310 1299 Post
333 1265 441 1299 non
464 1247 695 1299 multum
719 1261 945 1317 tempuS,
971 1248 1107 1299 circa
1128 1246 1438 1315 vigesimum
1459 1243 1751 1298 secundum
1775 1243 1957 1296 aetatis

119 1351 333 1398 annu-m,
398 1332 734 1386 dominorum
797 1333 1233 1386 Columnensium
1296 1331 1643 1384 nobilissimae
1702 1329 1794 1383 sed
1854 1330 1959 1382 heu

119 1419 343 1472 nimium
394 1419 618 1472 caducae
667 1420 911 1484 familiae,
954 1439 1088 1490 quae
1134 1419 1264 1471 mihi
1314 1418 1619 1472 venerabilis
1659 1435 1864 1487 semper
1905 1430 1959 1470 et

117 1505 291 1559 flenda
327 1506 443 1571 erit,
479 1506 891 1559 familiaritatem
929 1505 1270 1558 domesticam
1306 1518 1488 1557 nactus
1526 1522 1684 1570 eram,
1720 1503 1817 1556 sub
1854 1522 1959 1574 qua
1980 1523 2032 1562 90

119 1611 284 1663 paene
318 1606 494 1645 totum
527 1592 904 1646 adolescentiae
938 1612 1083 1645 meae
1116 1606 1323 1662 tempus
1358 1606 1411 1644 et
1443 1590 1632 1644 virides
1666 1608 1825 1642 annos
1859 1589 1959 1659 egi,

115 1678 263 1756 guius
289 1678 418 1730 mihi
442 1693 626 1732 auctor
649 1681 753 1733 fuit
777 1680 855 1732 vir
878 1678 1315 1750 incomparabilis,
1342 1677 1562 1731 Iacobus
1588 1677 1653 1730 de
1677 1676 1957 1741 Columna,

121 1779 249 1818 tunc
298 1764 681 1819 Lomberiensis
734 1767 1021 1837 episcopus,
1074 1766 1218 1838 quius
1270 1764 1400 1816 mihi
1451 1763 1745 1817 recordatio
1796 1762 1958 1815 dulcis

118 1852 314 1922 pariter
349 1865 403 1904 et
439 1871 611 1904 amara
646 1866 739 1906 est.
813 1854 939 1905 Non
973 1853 1078 1905 fuit
1115 1851 1342 1904 mundus
1379 1870 1441 1904 eo
1478 1850 1682 1920 dignus,
1720 1849 1957 1903 Christus

117 1937 268 1991 illum
306 1938 405 1991 sibi
445 1939 632 2005 voluit,
675 1954 729 1993 et
769 1941 877 1992 cito
918 1940 1065 1993 terris
1107 1938 1342 1991 ablatum
1383 1937 1524 1991 caelo
1565 1936 1813 1990 reddidit.
1890 1937 1960 1989 Et
1981 1955 2030 1998 95

121 2026 371 2096 quoniam
418 2045 574 2078 senex
619 2045 797 2079 senem
845 2027 1104 2096 fatigavit,
1155 2039 1217 2078 ut
1265 2025 1532 2089 scriberet,
1581 2043 1737 2076 senex
1782 2041 1994 2076 senem.

118 2112 418 2182 refatigabit
452 2127 514 2166 ut
547 2114 702 2183 legat.
775 2113 871 2166 Ille
904 2115 1067 2183 igitur
1102 2132 1186 2165 me
1222 2112 1312 2164 diu
1349 2126 1471 2164 ante
1506 2125 1667 2163 metas
1703 2110 1961 2180 pueritiae

117 2200 203 2252 vix
239 2218 495 2269 egressum
532 2199 797 2252 Bononiae
831 2200 1051 2264 viderat,
1085 2213 1157 2264 et,
1190 2213 1251 2251 ut
1286 2199 1397 2268 ipse
1430 2211 1550 2268 post
1582 2197 1807 2262 dicebat,
1841 2215 1960 2249 meo

120 2284 407 2338 delectatus
446 2300 557 2338 erat
595 2301 825 2357 aspectu,
849 2288 1072 2356 >ignarus
1110 2285 1281 2337 adhuc
1319 2285 1434 2355 quis
1473 2298 1563 2336 aut
1601 2283 1743 2336 unde
1781 2301 1959 2348 essem,

119 2373 215 2424 nisi
255 2372 400 2443 quod
438 2373 726 2426 scholarem
766 2374 1008 2426 scholaris
1053 2393 1114 2425 ex
1153 2372 1340 2423 habitu
1382 2384 1712 2440 cognoverat.
1791 2370 1857 2422 In
1898 2388 1959 2421 eo
1984 2394 2056 2423 100

118 2460 259 2511 enim
297 2459 474 2512 studio
514 2459 659 2531 quod
700 2480 795 2529 ego
835 2460 1053 2524 deserui,
1095 2473 1157 2511 ut
1199 2457 1405 2522 audisti,
1447 2459 1555 2528 ipse
1593 2457 1958 2527 perseveravit,

119 2545 285 2598 donec
332 2546 681 2599 honorificum
730 2546 795 2598 ad
844 2547 1149 2609 terminum,
1200 2563 1321 2596 mox
1368 2544 1434 2597 ad
1481 2543 1804 2614 episcopium
1852 2562 1959 2595 non

118 2633 261 2684 annis
300 2632 541 2685 debitum
575 2632 666 2684 sed
703 2634 899 2707 {neritis
937 2646 1014 2684 est
1050 2645 1343 2701 provectus,
1417 2631 1591 2690 Quam
1628 2629 1695 2682 ob
1733 2648 1957 2694 causam,

118 2737 240 2770 cum
280 2718 346 2770 ad
385 2737 516 2783 eam,
539 2738 682 2790 *quae
714 2707 949 2787 Romana
981 2718 1190 2782 dicitur,
1224 2717 1421 2770 curiam
1452 2719 1736 2787 profectus,
1767 2715 1842 2768 ibi
1874 2734 1960 2767 me

117 2805 346 2858 infausto
374 2805 449 2857 illi
480 2806 670 2857 carceri
700 2806 764 2857 ab
796 2806 994 2874 origine
1025 2804 1345 2856 destinatum
1376 2803 1794 2867 revidisset,‘iam
1825 2801 1959 2854 mala
1984 2821 2054 2863 105

118 2893 287 2962 prima
324 2892 570 2960 lanugine
609 2893 940 2955 vestientem,
983 2890 1371 2942 conditionibus
1415 2891 1539 2941 meis
1591 2890 1817 2941 exactius
1870 2909 1955 2941 ex-

119 2978 350 3049 ploratis,
372 2978 439 3030 ad
457 2997 602 3031 suam
631 2978 845 3030 tandem
872 2978 1216 3048 praesentiam
1243 2977 1478 3030 evocavit
1497 3017 1509 3028 .
1531 3017 1542 3028 .
1564 3017 1576 3028 .
1640 2975 1746 3046 [He
1764 2976 1959 3045 praises

121 3065 397 3119 Giacomo's
416 3064 712 3136 character]
777 3066 846 3117 Et
873 3078 983 3117 erat
1010 3078 1138 3116 tunc
1164 3065 1302 3116 forte
1328 3063 1394 3115 ad
1420 3064 1779 3134 episcopatum
1803 3081 1957 3115 suum

116 3153 172 3205 in
203 3152 511 3204 Vasconiam
543 3152 729 3216 iturus,
763 3170 821 3203 ac
855 3150 1051 3203 nescius
1085 3169 1200 3202 reor
1231 3149 1420 3215 adhuc,
1454 3148 1599 3219 quod
1631 3148 1686 3205 in
1719 3166 1803 3200 me
1835 3147 1957 3199 iuris

118 3239 351 3306 haberet,
379 3258 486 3310 quo
517 3239 696 3292 iubere
722 3252 947 3309 poterat,
977 3238 1160 3302 oravit,
1188 3250 1249 3290 ut
1274 3237 1371 3290 sibi
1397 3238 1452 3290 in
1478 3256 1539 3289 eo
1574 3237 1762 3289 itinere
1787 3253 1957 3287 comes
1985 3254 2056 3283 110

884 3420 905 3439 ἱ
