2242 3600
238 182 331 234 172
599 165 997 219 IOHANNI
1051 166 1166 230 ‚DE
1223 166 1706 220 CERTALDO
1753 187 1756 190 ⁴

0 299 41 349 ‘sev⁴
75 305 159 343 ’κη
233 311 370 344 anno
422 292 586 345 altero
637 294 799 366 libera
852 293 1067 363 quidem
1119 294 1209 345 sed
1263 293 1403 345 fideli
1457 294 1697 364 epistola‘
1727 309 2068 350 cunctantem

231 377 610 448 increpueram,
635 365 748 431 'hoc
787 379 1044 449 praesenti
1083 399 1220 432 anno
1257 379 1538 432 Ecclesiam
1576 376 1792 446 Chi-isti,
1831 394 1965 452 quae
2002 383 2068 435 ab

230 477 351 515 ortu
384 483 503 516 meo
539 483 702 534 usque
739 464 805 515 ad
841 464 940 516 hoc
974 479 1180 535 tempus
1217 466 1356 516 inter
1393 464 1702 534 Burdegales
1740 479 1794 518 et
1829 466 2067 520 Pictavos

228 568 374 618 vaga,
422 551 666 619 interque
724 550 1133 620 Carpentoraces
1189 550 1577 620 Avinionesque
1622 552 1898 604 novissime
1941 571 2065 605 con-

155 656 202 696 45
227 650 466 687 senuerat
507 649 666 705 atque
707 650 995 705 torpuerat,
1035 636 1177 688 illam
1218 637 1282 688 de
1322 639 1462 689 faece
1501 635 1750 702 eruit,'et
1789 637 1855 689 ad
1891 637 2068 691 sedem

227 722 492 790 propriam
530 721 756 786 reduxit,
795 723 968 791 magni
1005 742 1062 773 ac
1099 722 1402 793 multiplicis
1439 723 1756 792 principium
1793 722 1935 788 boni,
1973 724 2069 776 nisi

228 806 376 871 illud,
409 807 554 876 quod
589 807 846 859 Ecclesiae
883 822 1090 860 sanctae
1120 828 1333 878 sponsus
1366 822 1583 874 avertat,
1617 808 1876 861 bonorum
1906 809 2068 862 hostis

226 892 575 944 inconstantia
611 893 910 946 labefactet.
983 895 1252 946 Hactenus
1290 909 1467 946 tamen
1502 888 1792 963 eo'gratius
1829 894 2068 947 fidelibus

226 978 408 1030 animis
433 997 541 1048 quo
573 980 900 1049 insperatius,
926 980 1034 1033 vidi
1057 995 1215 1045 certe,
1240 980 1386 1050 quod
1407 980 1583 1032 videre
1594 999 1877 1051 ,nunquam
1899 983 2070 1034 fateor

152 1080 202 1120 50
224 1079 566 1130 speraveram,
595 1081 799 1132 semper
828 1077 1148 1132 optaveram.
1215 1064 1453 1133 Dignum
1483 1077 1559 1115 est
1587 1077 1649 1115 ut
1678 1077 1731 1115 et
1761 1063 1886 1116 boni
1914 1063 2066 1116 huius

225 1148 425 1199 auctori
468 1149 628 1200 totius
669 1148 925 1201 Ecclesiae
964 1168 1214 1201 consensu
1255 1150 1379 1201 meis
1418 1149 1631 1201 vocibus
1671 1153 1838 1223 grates
1879 1168 2064 1219 agam3

223 1233 384 1303 idque
417 1235 520 1285 iam
556 1235 783 1287 meditor
820 1250 880 1290 ut
903 1226 1119 1287 felicem
1154 1254 1350 1287 annum
1384 1235 1524 1287 hunc
1557 1236 1825 1288 immerita
1846 1235 2065 1288 liberem

222 1319 454 1385 infamia,
486 1321 738 1392 quodque
767 1322 822 1372 in
853 1321 1061 1373 alterius
1092 1322 1340 1391 epistolae
1370 1322 1472 1374 fine
1502 1322 1857 1391 promiseram,
1887 1335 2064 1374 tecum

221 1404 467 1472 gratuler,
502 1406 683 1470 amice,
718 1425 824 1466 non
857 1420 918 1459 ut
949 1406 1258 1460 immortalis
1275 1406 1647 1476 ..quidenna-sed
1668 1406 2091 1459 -utannoehuic-

712 1464 764 1472 x!

12 1490 118 1566 *5575*
149 1491 451 1554 55.terrif1co
478 1490 770 1561 superstes,
821 1493 930 1562 ipse
960 1494 1100 1550 enim
1128 1493 1436 1545 irrediturus
1467 1493 1596 1545 abiit
1626 1512 1711 1545 me
1740 1493 1941 1558 relicto,
1971 1494 2064 1563 qui
2148 1562 2157 1569 ·

2 1558 26 1577 Γ
221 1590 282 1628 ut
304 1595 388 1628 me
410 1577 685 1649 mortalem
708 1580 847 1643 novi,
868 1579 939 1630 sic
961 1592 1014 1630 et
1035 1578 1167 1631 illud
1186 1579 1308 1644 scio,
1331 1578 1475 1654 quod
1498 1580 1656 1631 tertio
1677 1593 1731 1631 et
1750 1579 2085 1657 sessffgffiifflfi’„

221 1682 358 1727 anno
386 1665 567 1716 aetatis
595 1665 699 1716 iarn
730 1685 835 1717 non
865 1665 1072 1730 moriar,
1102 1666 1186 1717 cui
1214 1665 1372 1717 hodie
1400 1653 1613 1735 quartus
1644 1680 1697 1718 et
1724 1653 2062 1735 seXagesimus

220 1749 400 1802 natalis
433 1739 509 1802 est
542 1750 664 1803 dies.
733 1752 890 1816 Nam,
923 1766 984 1804 ut
1015 1751 1175 1817 vides,
1207 1751 1432 1821 Augusti
1463 1752 1689 1804 Caesaris
1721 1766 1844 1804 utor
1873 1752 2060 1818 verbis,

219 1855 554 1888 communem
596 1839 860 1890 seniorum
902 1840 1143 1890 omnium
1187 1839 1407 1890 tertium
1448 1839 1820 1907 sexagesimum
1862 1844 2075 1891 annum‘

148 1938 196 1976 60
219 1923 487 1975 evasimus.
563 1924 688 1975 Non
727 1924 847 1976 deos
886 1939 1064 1976 autem
1102 1939 1163 1976 ut
1199 1924 1302 1990 ille,
1340 1924 1430 1976 sed
1467 1925 1645 1977 Deum
1682 1944 1791 1990 oro,
1830 1939 1891 1978 ut
1930 1925 2060 1978 mihi

217 2023 709 2080 quantumcumque
747 2025 981 2080 superest
1022 2011 1271 2080 temporis
1307 2010 1363 2063 id
1398 2011 1544 2064 salvis
1578 2011 1726 2064 nobis
1757 2013 2058 2082 superstites

217 2096 407 2148 amicos
441 2096 713 2148 traducere
741 2097 914 2162 liceat,
944 2098 1000 2149 in
1030 2097 1362 2167 reipublicae,
1393 2097 1538 2167 quod
1566 2098 1653 2150 ille
1682 2098 1772 2163 ait,
1803 2112 1857 2151 et
1887 2097 2060 2151 multo

218 2183 442 2234 maxime
471 2183 762 2235 animarum
791 2198 1086 2236 nostrarum
1114 2184 1408 2236 felicissimo
1434 2198 1593 2237 statu.
1656 2184 1798 2237 Vale.
1861 2185 2056 2251 Ticini,

214 2287 332 2321 xm.
365 2268 626 2322 Kalendas
653 2269 895 2338 Augusti,
929 2270 1073 2338 1367.
1135 2270 1501 2337 Adauroram.

257 2469 513 2530 Guidoni
547 2472 814 2551 Septima,
851 2472 1290 2552 Archiepiscopo
1324 2472 1620 2531 Ianuensi.
1698 2471 1822 2531 Sen.
1861 2494 1917 2531 x.
1958 2490 2010 2530 2.

302 2608 430 2660 CIO
457 2608 559 2660 iam
589 2609 719 2661 mihi
746 2609 869 2661 hinc
898 2609 1104 2661 obstare
1129 2609 1271 2660 illam
1300 2608 1469 2662 Flacci
1500 2609 1833 2674 sententiam,
1862 2609 1955 2661 ubi
1987 2608 2052 2661 de

301 2694 531 2746 moribus
576 2695 708 2747 senis
755 2715 907 2764 agens
954 2695 1219 2748 difficilem
1267 2695 1417 2748 illum
1463 2695 1596 2748 dixit
1647 2710 1700 2748 et
1751 2695 2050 2766 querulum,

209 2798 367 2851 seque
399 2800 563 2851 puero
595 2782 699 2833 acti
733 2781 981 2851 temporis
1013 2781 1357 2834 laudatorem.
1399 2783 1551 2834 'Non
1583 2802 1716 2852 nego
1747 2782 1803 2834 id
1834 2781 2050 2852 quidem

208 2866 284 2918 ita
310 2885 430 2932 esse,
458 2866 547 2918 sed
573 2866 696 2919 licet
723 2868 778 2918 id
806 2868 935 2919 mihi
960 2887 1112 2938 saepe
1138 2868 1259 2920 alibi
1287 2869 1527 2933 fortassiS,
1555 2869 1677 2920 huic
1705 2887 1844 2920 nunc
1873 2881 2050 2920 tamen

163 2967 186 3006 5
210 2953 457 3022 epistolae
497 2972 603 3004 non
641 2953 913 3006 adversum
954 2954 1088 3020 dico,
1128 2955 1361 3024 quamvis
1400 2955 1539 3006 enim
1579 2975 1674 3023 ego
1711 2953 1956 3024 querulus
1994 2967 2050 3006 et

206 3039 449 3092 laudator
476 3053 714 3091 veterum
739 3061 751 3103 ;
802 3040 927 3092 haec
959 3054 1151 3105 tamen,
1180 3061 1268 3092 seu
1295 3054 1532 3093 veterum
1560 3040 1686 3105 laus,
1714 3060 1803 3092 seu
1831 3039 2048 3113 querula

208 3123 577 3194 praesentium,
606 3144 724 3177 vera
756 3126 854 3177 erit
884 3167 896 3178 .
927 3167 938 3178 .
971 3168 981 3178 .
1047 3126 1151 3196 [He
1184 3127 1350 3179 thinks
1377 3126 1541 3178 Guido
1572 3126 1678 3178 will
1702 3126 1757 3178 be
1787 3125 1976 3195 obliged
2002 3138 2047 3178 to

207 3211 369 3263 admit
401 3212 480 3263 the
514 3212 647 3263 truth
680 3212 737 3280 of
758 3212 836 3264 his
867 3214 1102 3265 assertion
1136 3213 1245 3265 that
1279 3213 1357 3265 the
1388 3212 1538 3265 world
1567 3213 1657 3264 has
1686 3210 2049 3284 degenerated]
