2242 3600
754 187 1017 241 EPIST.
1060 187 1109 241 S.
1152 189 1219 242 T.
1267 205 1329 260 14
1896 207 1958 262 45

115 330 169 370 et
190 317 442 370 vitiorum
463 316 618 369 simul
639 316 877 368 omnium
901 329 953 367 et
974 315 1164 368 laboris
1186 335 1243 368 ac
1267 318 1428 370 totius
1452 318 1686 370 miseriae
1707 331 1962 371 moestam

114 402 333 454 domum
363 406 379 455 ?
449 403 533 454 De
562 421 670 473 quo
699 401 915 472 quidem
946 401 1146 472 aliquid
1176 421 1322 454 nosse
1359 403 1530 456 debes,
1596 403 1718 456 Visa
1754 403 1961 474 loquor,

115 509 221 542 non
257 489 454 556 audita,
490 492 602 543 fato
637 508 755 542 meo
790 491 1012 560 pessimo
1046 491 1101 542 in
1136 510 1216 543 eas
1254 504 1411 542 terras
1447 509 1579 560 puer
1613 504 1840 556 evectuS,
1877 492 1962 543 cui
1986 508 2032 548 25

112 595 278 646 usque
333 575 399 629 ad
449 576 583 628 hanc
634 589 861 629 aetatem
912 576 1210 645 indignanti
1268 577 1515 647 equidem
1571 577 1661 629 sed
1718 579 1962 630 fortunae

116 662 457 733 compedibus
498 663 668 714 nescio
706 662 895 732 quibus
941 663 1122 716 vincto
1161 682 1378 732 magnae
1416 663 1522 715 illic
1566 677 1739 734 partes
1779 665 1960 716 aetatis

113 751 167 802 in
211 750 493 818 gemitibus
538 749 797 804 abierunt.
872 750 1014 804 Novi
1060 764 1320 821 expertu8,
1363 764 1424 804 ut
1470 750 1611 804 nulla
1654 749 1729 802 ibi
1777 751 1960 821 pietaS,

112 835 254 889 nulla
293 837 495 902 caritaS,
536 835 678 889 nulla
716 836 861 903 fides,
903 836 1046 890 nulla
1084 838 1188 890 Dei
1227 837 1533 903 reverentia,
1570 836 1740 890 nullus
1782 837 1959 902 timor,

110 922 242 975 nihil
274 923 457 989 sancti,
493 922 624 975 nihil
657 923 798 989 iusti,
834 923 966 976 nihil
999 924 1168 995 aequi,
1205 924 1336 976 nihil
1369 925 1532 994 pensi,
1568 923 1699 976 nihil
1733 923 1961 995 denique
1982 945 2032 984 30

112 1009 194 1064 vel
227 1010 460 1064 humani.
531 1009 713 1076 Amor,
749 1010 940 1081 pudor,
977 1010 1149 1076 decor,
1187 1010 1382 1063 candor
1414 1010 1539 1064 inde
1573 1009 1802 1064 exulant.
1841 1051 1854 1064 .
1893 1052 1905 1063 .
1945 1052 1958 1064 .

110 1095 241 1166 [The
274 1097 377 1167 city
410 1097 455 1149 is
489 1096 568 1149 the
601 1097 735 1150 home
768 1097 826 1166 os
847 1097 939 1150 lies
971 1097 1072 1150 and
1104 1096 1438 1168 insincerity]
1506 1097 1605 1149 Res
1639 1110 1716 1149 est
1749 1097 1960 1168 insuper

110 1181 312 1234 mundo
340 1196 482 1249 nota,
512 1201 684 1254 neque
710 1183 1033 1254 probationis
1061 1184 1280 1236 omnino
1308 1202 1479 1254 neque
1509 1185 1757 1236 sermonis
1786 1203 1955 1253 egens,

111 1269 302 1350 Vnum
319 1283 372 1323 et
402 1270 558 1324 breve
586 1284 639 1323 et
669 1270 735 1323 ad
762 1270 960 1341 reliqua
996 1270 1334 1342 perdiscenda
1361 1271 1481 1322 satis
1510 1269 1730 1323 efficax
1716 1290 1955 1338 luseram,

108 1357 193 1409 cui
237 1376 334 1431 ego
355 1357 490 1434 ipse
525 1358 648 1432 qui
652 1357 873 1428 loquor
877 1358 1131 1426 mteQss.
1212 1358 1338 1410 Duo
1380 1357 1535 1410 simul
1580 1377 1608 1409 e
1651 1359 1956 1429 conscriptis
1978 1372 2025 1413 35

107 1443 361 1513 patribUS,
394 1444 448 1496 in
479 1430 667 1514 quibus
699 1444 836 1496 orbis
869 1458 1036 1497 terrae
1066 1458 1119 1497 et
1150 1445 1344 1498 ostium
1376 1443 1560 1498 domus
1592 1445 1695 1496 Dei
1725 1445 1871 1499 velut
1900 1446 1956 1499 in

108 1529 320 1583 cardine
366 1530 614 1597 volvitur,
665 1550 692 1583 a
740 1531 936 1601 palatio
983 1531 1248 1595 Pontificis
1297 1531 1523 1584 Maximi
1573 1531 1728 1584 densa
1774 1532 1956 1603 stipati

110 1617 428 1670 famulorum
469 1618 577 1670 acie
618 1617 1040 1684 descendebant3
1103 1618 1258 1672 turba
1298 1619 1476 1688 ingens
1518 1619 1954 1689 exspectantium,

113 1703 302 1775 quibus
333 1717 456 1757 ante
486 1723 664 1757 omnes
695 1704 782 1757 illa
811 1705 993 1758 infelix
1023 1719 1076 1758 et
1107 1706 1227 1758 Deo
1257 1705 1433 1758 odiosa
1464 1705 1643 1759 civitas
1674 1704 1827 1776 plena
1858 1720 1953 1772 est,

107 1791 174 1844 de
214 1810 360 1844 more
398 1791 617 1845 surdum
668 1791 801 1845 illud
842 1806 896 1845 et
937 1792 1256 1863 praedurum
1296 1792 1458 1846 limen
1500 1791 1818 1859 obsiderant,
1862 1795 1955 1864 qui
1973 1810 2024 1847 40

113 1878 330 1932 ducibus
371 1879 471 1932 suis
511 1879 646 1946 visiS,
686 1880 742 1932 in
783 1879 972 1950 quibus
1013 1898 1158 1951 spem
1199 1879 1482 1946 habebant,
1525 1882 1955 1952 circumstrepere

114 1966 432 2038 coeperunt3
485 1980 539 2020 et
571 1986 667 2037 pro
698 1986 751 2020 se
782 1967 1002 2038 quisque
1034 1967 1183 2020 anxie
1213 1968 1527 2039 percontari,
1556 1987 1690 2040 quae
1721 1969 1951 2034 fortuna,

120 2055 300 2127 quisve
320 2072 529 2108 suarum
553 2072 727 2108 rerum
751 2054 891 2125 apud
914 2054 1224 2107 Pontificem
1247 2068 1410 2108 status
1435 2069 1580 2109 esset.
1638 2055 1796 2109 Tunc
1818 2075 1952 2126 unus

112 2156 343 2216 patrum,
369 2141 499 2194 nihil
536 2155 710 2195 motus
747 2142 802 2194 in
840 2161 895 2194 re
930 2140 1119 2207 subita,
1147 2155 1208 2195 ut
1247 2142 1338 2213 qui
1375 2142 1478 2195 iam
1516 2142 1722 2213 pridem
1761 2142 1950 2196 talibus

106 2230 419 2295 assuevisset,
484 2228 615 2281 nihil
677 2243 769 2282 aut
832 2228 1144 2282 verecundia
1208 2242 1377 2282 tactus
1441 2243 1533 2283 aut
1596 2230 1946 2283 misericordia
1973 2249 2021 2290 45

104 2317 410 2369 miserorum
447 2315 587 2368 inter
621 2334 734 2386 spes
771 2315 1064 2369 vanissimas
1102 2316 1346 2381 animam,
1385 2316 1567 2382 vitam,
1605 2318 1950 2388 fortunasque

102 2423 213 2457 suas
236 2417 290 2456 et
313 2417 520 2474 tempus
543 2421 700 2455 omne
722 2402 1078 2473 perdentium,
1101 2403 1311 2472 insignis
1335 2403 1729 2457 mendaciorum
1752 2405 1947 2475 opifex,

103 2489 271 2544 multa
295 2491 509 2543 mentiri
534 2509 675 2543 orsus
703 2503 756 2542 et
782 2490 978 2559 fingere
1003 2489 1134 2560 quid
1158 2490 1350 2561 cuique
1374 2491 1483 2561 spei
1509 2490 1789 2562 reliquum,
1817 2492 1948 2562 quid

102 2576 168 2629 ad
214 2577 366 2630 huius
413 2590 505 2630 aut
551 2577 686 2630 illius
734 2576 998 2647 postulata
1043 2577 1287 2629 Pontifex
1335 2577 1699 2648 respondisset,
1746 2578 1948 2647 singula

101 2664 363 2715 constanti
410 2663 742 2734 impudentia
791 2677 845 2715 et
893 2663 949 2715 in
997 2662 1142 2716 nullo
1190 2664 1446 2717 haesitans
1495 2678 1799 2735 prosecutus
1850 2679 1943 2718 est.
1968 2687 2016 2728 50

101 2750 305 2811 Quibus
337 2750 526 2803 auditis
557 2749 755 2803 creduli
786 2768 964 2802 omnes
996 2763 1049 2802 et
1079 2750 1164 2802 hic
1195 2750 1411 2821 quidem
1443 2765 1504 2803 ut
1535 2751 1597 2804 fit
1626 2751 1829 2818 laetior,
1860 2751 1947 2804 ille

98 2836 359 2890 subtristis
385 2837 439 2889 in
467 2837 727 2890 diversum
755 2836 968 2890 abeunt.
1026 2836 1181 2907 Alter
1207 2851 1385 2890 autem
1407 2852 1620 2908 patrum
1647 2852 1701 2891 et
1729 2852 1947 2892 naturae

101 2922 365 2976 nobilioris
391 2937 445 2976 et
470 2924 851 2978 verecundioris
877 2924 1054 2990 animi,
1073 2938 1126 2976 et
1151 2925 1243 2995 qui
1269 2925 1364 2977 nisi
1389 2944 1450 2977 ex
1474 2925 1564 2977 illo
1589 2939 1717 2978 esset
1743 2926 1943 2991 ordine,

100 3011 179 3064 vir
217 3010 382 3063 bonus
429 3029 532 3062 esse
569 3011 842 3081 potuisset,
882 3011 937 3062 in
974 3010 1225 3080 collegam
1260 3012 1471 3084 iocans:
1546 3015 1559 3038 ‘
1585 3012 1803 3065 Nihilne
1853 3027 1907 3065 te
1929 3014 1942 3037 ’

100 3097 275 3167 inquit
322 3097 336 3120 ‘
360 3096 526 3166 pudet
572 3097 648 3149 his
692 3096 1013 3167 simplicibus
1059 3098 1177 3151 viris
1222 3097 1441 3151 illudere
1486 3113 1539 3151 et
1585 3118 1682 3171 pro
1727 3099 1944 3152 arbitrio
1965 3118 2011 3159 55

101 3179 295 3248 fingere
326 3198 565 3249 responsa
595 3180 878 3245 Pontificis‚
911 3198 1070 3250 quem
1102 3194 1163 3233 ut
1193 3182 1286 3234 scis
1318 3201 1424 3234 non
1456 3182 1615 3235 modo
1647 3182 1822 3249 hodie,
1853 3184 1943 3235 sed

101 3265 278 3318 multis
315 3267 418 3318 iam
457 3266 636 3320 diebus
673 3267 919 3338 proximis
956 3266 1132 3320 videre
1168 3269 1442 3339 nequimus
1471 3273 1488 3321 ἓ
1515 3270 1528 3293 ’
1600 3269 1685 3322 Ad
1722 3270 1821 3322 hoc
1858 3269 1945 3324 ille
