2242 3600
242 201 308 237 20
717 182 1049 235 IACOBO
1105 183 1602 237 COLVMNAE

241 314 532 367 multorum
592 312 733 383 apud
791 330 875 363 me
933 312 1100 364 vicem
1159 312 1480 365 saeculorum
1542 326 1844 367 tenuerunt.
1939 313 2075 366 Veni

241 401 472 466 tandem,
499 414 559 452 ut
585 399 792 463 audisti,
818 398 1006 464 hieme,
1034 398 1170 450 bello
1194 398 1482 469 pelagoque
1508 401 1813 453 tonantibus
1836 422 1849 466 3
1895 419 2074 452 omnes

239 506 428 556 nempe
461 485 792 537 difficultates
826 483 983 553 fregit
1016 502 1176 550 amor,
1211 498 1378 555 utque
1411 485 1484 538 ait
1516 486 1708 540 Maro:
1763 487 1779 512 ‘
1799 486 1942 538 Vicit
1975 486 2079 538 iter

242 573 432 626 durum
472 571 673 642 pietas,9
754 570 1009 639 Dumque
1057 588 1209 621 suum
1249 571 1543 623 venerabile
1588 590 1646 623 ac
1695 571 1945 642 perdulce
1980 571 2076 624 ob-

170 680 219 709 20
240 661 436 711 iectum
472 670 734 728 quaerunt
769 655 925 721 oculi,
954 654 1096 707 nulla
1127 656 1279 708 maris
1319 656 1526 710 fastidia
1561 659 1858 710 stomachus
1891 658 2076 710 talium

239 746 361 796 licet
394 741 874 813 impatientissimus
908 754 1111 807 natura,
1146 741 1342 792 nullam
1377 741 1593 794 brumae
1627 756 1899 813 terraeque
1932 728 2082 794 duri-m

240 832 366 882 tiem
401 847 603 898 corpus,
639 826 801 879 nullas
835 826 1186 896 periculorum
1221 827 1383 879 minas
1418 828 1617 881 animus
1650 829 1824 881 sensit.
1895 828 1979 880 Sic
2012 827 2078 880 ad

241 931 293 968 te
327 917 465 967 enim
499 928 642 966 totus
677 926 896 981 totaque
927 925 1106 963 mente
1138 912 1435 981 pergebam,
1465 928 1525 966 ut
1561 928 1614 966 te
1647 933 1812 967 unum
1847 915 2079 984 cogitans

240 1001 528 1073 praesentia
566 1019 672 1051 non
709 998 978 1063 viderem3
1039 1011 1093 1051 te
1128 999 1362 1065 inventO,
1402 1000 1543 1052 nulla
1580 1001 1710 1052 mihi
1747 1001 1931 1072 longae
1967 1001 2080 1054 viae

171 1113 218 1153 25
242 1088 493 1141 memoria
518 1098 820 1156 superesset.

309 1176 443 1227 Ecce
493 1186 670 1225 autem
721 1190 862 1223 nunc
913 1169 1140 1222 eundem
1190 1170 1277 1222 illa
1325 1171 1591 1242 laqueum,
1644 1174 1886 1226 aliorsum
1935 1174 2078 1240 licet,
2116 1225 2118 1228 .

243 1261 491 1326 obvertit,
521 1274 581 1312 ut
611 1278 696 1310 me
723 1258 945 1309 Romam
974 1271 1209 1327 petente,
1241 1271 1294 1310 te
1320 1258 1573 1312 Vasconia
1601 1274 1655 1313 et
1683 1260 1888 1313 occidui
1915 1261 2080 1314 litoris

245 1359 476 1401 extrema
499 1345 814 1416 possideant,
841 1357 894 1396 et
921 1358 1037 1396 tum
1062 1345 1288 1396 maxime
1313 1345 1677 1414 distrahamur,
1705 1347 1832 1399 dum
1857 1348 2083 1400 maxime

244 1451 297 1488 te
332 1447 657 1505 praesentem
695 1449 958 1501 cuperem,
996 1431 1164 1482 omnis
1199 1450 1345 1483 meae
1378 1432 1571 1501 gloriae
1605 1452 1870 1485 summum
1908 1433 2080 1487 decus
2150 1423 2152 1425 .

143 1528 222 1582 130
246 1522 348 1574 Sed
398 1521 468 1573 sic
522 1533 651 1571 eunt
703 1520 811 1570 fere
861 1530 986 1571 vota
1037 1517 1358 1583 mortalium,
1411 1532 1473 1571 ut
1525 1519 1671 1590 quod
1721 1520 2082 1573 vehementius

140 1583 153 1666 ’ἲ
243 1610 483 1678 cupiunt,
519 1606 716 1675 aegrius
750 1617 1103 1674 assequantur.
1173 1604 1446 1671 Ceterum,
1481 1620 1542 1658 ut
1574 1607 1788 1659 meliore
1821 1607 1902 1659 tui
1934 1620 2085 1677 parte

242 1696 346 1747 illic
376 1695 431 1746 in
462 1707 701 1764 tempore
730 1710 966 1761 praesens
997 1691 1076 1756 siS,
1108 1691 1239 1743 scito
1269 1710 1355 1743 me
1383 1691 1586 1744 laureae
1615 1693 1905 1763 Delphicae
1934 1693 2083 1764 cupi-

246 1783 384 1847 dine,
442 1799 576 1850 quae
632 1778 758 1830 olim
817 1777 1076 1829 clarorum
1133 1777 1414 1830 Caesarum
1471 1793 1526 1831 et
1581 1798 1843 1832 sacrorum
1900 1794 2083 1832 vatum

243 1868 498 1938 singulare
538 1880 590 1918 et
631 1865 971 1935 praecipuum
1012 1877 1197 1917 votum
1238 1865 1359 1931 fuit,
1402 1885 1542 1918 nunc
1580 1866 1663 1919 vel
1701 1867 1965 1936 spernitur
2003 1867 2086 1920 vel

175 1985 222 2026 35
246 1956 490 2019 nescitur,
524 1953 653 2004 mihi
686 1971 806 2004 sane
839 1965 1016 2003 noctes
1049 1951 1296 2021 plurimas
1329 1953 1588 2005 insomnes
1620 1954 1763 2018 fecit,
1798 1967 1851 2006 et
1885 1953 2087 2024 de'qua

247 2061 397 2111 saepe
423 2040 590 2091 multa
620 2053 796 2090 tecum
826 2038 906 2106 egi
928 2059 941 2103 3
991 2056 1257 2108 quamque
1285 2057 1405 2090 cum
1428 2058 1518 2110 {99
1546 2039 1814 2105 tantillum
1842 2041 2086 2092 certatim

249 2129 383 2180 duae
411 2127 666 2178 maximae
697 2125 848 2176 urbes
882 2139 1237 2194 exposcerent,
1270 2125 1437 2178 Roma
1469 2140 1629 2197 atque
1658 2126 1893 2191 Parisius,
1927 2126 2086 2179 altera

249 2213 435 2267 mundi
470 2226 629 2282 caput
666 2226 719 2263 et
754 2211 966 2263 urbium
1002 2211 1194 2280 regina,
1231 2213 1410 2264 nutrix
1445 2213 1605 2265 altera
1639 2213 1802 2264 nostri
1838 2213 2088 2282 temporis
2138 2273 2140 2275 ¹

248 2301 561 2364 studiorum,
599 2313 717 2368 post
754 2298 914 2351 varias
954 2297 1349 2350 deliberationes
1387 2298 1453 2350 ad
1490 2312 1784 2351 extremum
1822 2317 1930 2351 non
1966 2298 2089 2351 alibi

179 2419 229 2455 40
251 2406 409 2458 quam
436 2387 633 2437 Romae
658 2404 811 2453 super
836 2383 1093 2436 cineribus
1121 2385 1461 2454 antiquorum
1486 2398 1668 2437 vatum
1693 2385 1855 2455 inque
1878 2384 2089 2437 illorum

250 2475 369 2529 sede
408 2473 691 2543 percipere,
731 2472 933 2541 ingenti
973 2484 1095 2522 ante
1135 2471 1256 2523 alios
1297 2473 1457 2523 fratre
1497 2485 1591 2523 tuo
1629 2490 1833 2523 suasore
1871 2485 1926 2523 et
1965 2490 2090 2524 con-

252 2561 464 2624 sultore,
495 2558 739 2627 disposui,
769 2558 867 2608 hoc
896 2558 1008 2626 ipso
1038 2557 1121 2608 die
1148 2558 1250 2610 iter
1277 2557 1501 2627 aggredi.
1568 2557 1632 2609 In
1660 2576 1767 2627 quo
1795 2557 2091 2627 plusculum

255 2647 503 2716 temporis
541 2645 799 2712 exigitur3
859 2643 1126 2696 adeundus
1164 2645 1303 2696 enim
1341 2664 1445 2710 rex,
1482 2643 1706 2697 videnda
1742 2644 2092 2715 Parthenope,

254 2734 377 2786 inde
422 2733 522 2783 iter
567 2732 665 2782 erit
705 2730 943 2782 Romam.
1027 2730 1141 2782 Illic
1180 2731 1380 2800 aliquot
1427 2730 1629 2782 dierum
1675 2748 1875 2782 moram
1921 2730 2092 2796 video,

182 2836 233 2876 45
258 2821 484 2889 denique
511 2818 605 2868 nisi
627 2816 760 2868 fallit
782 2816 1072 2881 extimatiO,
1094 2816 1323 2868 Paschali
1350 2815 1433 2867 die
1455 2835 1497 2868 a.
1513 2814 1562 2867 d.
1586 2834 1657 2867 vl.
1682 2814 1805 2867 Idus
1828 2815 2018 2886 Aprilis
2038 2817 2094 2868 in

259 2904 524 2975 Capitolio
567 2922 641 2954 res
685 2916 882 2970 agetur.
961 2902 1176 2961 Quaeris
1216 2921 1335 2981 Q
1366 2901 1451 2953 hic
1491 2900 1654 2965 labor,
1697 2901 1797 2952 hoc
1838 2901 2093 2967 studium,

262 2994 386 3045 haec
428 2993 581 3041 cura?
660 2988 745 3039 An
788 2987 1077 3039 doctiorem
1121 3007 1185 3039 an
1228 2988 1495 3039 meliorem
1538 2988 1739 3038 factura
1769 2988 1836 3039 sit
1877 2986 2092 3041 laurea?

267 3077 541 3134 Notiorem
595 3076 731 3125 forte
784 3088 837 3124 et
890 3073 1120 3143 plurium
1172 3073 1398 3127 invidiae
1449 3072 1779 3142 expositum3
1852 3072 2098 3126 scientiae

264 3179 441 3219 autem
477 3175 531 3212 et
566 3160 774 3213 virtutis
809 3159 950 3211 sedes
987 3174 1062 3212 est
1099 3161 1315 3213 animuS.
1388 3159 1577 3229 Ibique
1612 3177 1718 3210 non
1753 3159 1809 3211 in
1842 3158 2097 3212 frondosis

200 3274 247 3314 50
269 3249 440 3316 ramiS,
493 3245 810 3300 avicularum
874 3264 1039 3313 more,
1089 3246 1378 3299 nidificant.
1476 3245 1741 3305 Quorsum
1803 3244 1966 3314 igitur
2012 3245 2099 3299 hic
