<?xml version="1.0" encoding="UTF-8"?>
<!DOCTYPE html PUBLIC "-//W3C//DTD XHTML 1.0 Transitional//EN"
    "http://www.w3.org/TR/xhtml1/DTD/xhtml1-transitional.dtd">
<html xmlns="http://www.w3.org/1999/xhtml" xml:lang="en" lang="en">
 <head>
  <title>
</title>
<meta http-equiv="Content-Type" content="text/html;charset=utf-8" />
  <meta name='ocr-system' content='tesseract 3.04.00' />
  <meta name='ocr-capabilities' content='ocr_page ocr_carea ocr_par ocr_line ocrx_word'/>
</head>
<body>
  <div class='ocr_page' id='page_1' title='image "./epistolaeselecta00petruoft_0100.png"; bbox 0 0 2242 3600; ppageno 0'>
   <div class='ocr_carea' id='block_1_1' title="bbox 257 187 1607 259">
    <p class='ocr_par' dir='ltr' id='par_1_1' title="bbox 257 187 1607 259">
     <span class='ocr_line' id='line_1_1' title="bbox 257 187 1607 259; baseline 0 -17"><span class='ocrx_word' id='word_1_1' title='bbox 257 194 323 259; x_wconf 92' lang='lat'><strong>84</strong></span> <span class='ocrx_word' id='word_1_2' title='bbox 716 187 1257 254; x_wconf 88' lang='lat' dir='ltr'><strong>.FRANCISCO</strong></span> <span class='ocrx_word' id='word_1_3' title='bbox 1311 189 1607 242; x_wconf 92' lang='lat' dir='ltr'><strong>PRIORI</strong></span> 
     </span>
    </p>
   </div>
   <div class='ocr_carea' id='block_1_2' title="bbox 180 303 2116 3231">
    <p class='ocr_par' dir='ltr' id='par_1_2' title="bbox 180 303 2116 2287">
     <span class='ocr_line' id='line_1_2' title="bbox 255 303 2100 390; baseline 0.002 -22"><span class='ocrx_word' id='word_1_4' title='bbox 255 331 309 369; x_wconf 90' lang='lat' dir='ltr'><strong>et</strong></span> <span class='ocrx_word' id='word_1_5' title='bbox 341 317 564 368; x_wconf 92' lang='lat' dir='ltr'><strong>Romani</strong></span> <span class='ocrx_word' id='word_1_6' title='bbox 597 317 818 368; x_wconf 90' lang='lat' dir='ltr'><strong>nominis</strong></span> <span class='ocrx_word' id='word_1_7' title='bbox 852 335 909 367; x_wconf 89' lang='grc'><strong>36</strong></span> <span class='ocrx_word' id='word_1_8' title='bbox 940 303 1255 386; x_wconf 86' lang='lat' dir='ltr'><strong>reipublicae</strong></span> <span class='ocrx_word' id='word_1_9' title='bbox 1285 317 1532 382; x_wconf 93' lang='lat' dir='ltr'><strong>ludibrio,</strong></span> <span class='ocrx_word' id='word_1_10' title='bbox 1564 318 1828 372; x_wconf 89' lang='lat' dir='ltr'><strong>sustinuit.</strong></span> <span class='ocrx_word' id='word_1_11' title='bbox 1895 319 1960 372; x_wconf 91' lang='lat' dir='ltr'><strong>In</strong></span> <span class='ocrx_word' id='word_1_12' title='bbox 1991 338 2100 390; x_wconf 93' lang='lat' dir='ltr'><strong>quo</strong></span> 
     </span>
     <span class='ocr_line' id='line_1_3' title="bbox 186 402 2100 480; baseline 0.004 -28"><span class='ocrx_word' id='word_1_13' title='bbox 186 427 233 453; x_wconf 89' lang='lat'><strong>20</strong></span> <span class='ocrx_word' id='word_1_14' title='bbox 254 403 520 456; x_wconf 90' lang='lat' dir='ltr'><strong>laudando</strong></span> <span class='ocrx_word' id='word_1_15' title='bbox 546 402 919 471; x_wconf 89' lang='lat' dir='ltr'><strong>monendoque</strong></span> <span class='ocrx_word' id='word_1_16' title='bbox 955 417 1181 472; x_wconf 86' lang='lat' dir='ltr'><strong>quantus</strong></span> <span class='ocrx_word' id='word_1_17' title='bbox 1220 403 1304 480; x_wconf 83' lang='grc'><strong>1116</strong></span> <span class='ocrx_word' id='word_1_18' title='bbox 1343 403 1566 454; x_wconf 83' lang='grc'><strong>6313111113</strong></span> <span class='ocrx_word' id='word_1_19' title='bbox 1604 405 1782 470; x_wconf 82' lang='lat' dir='ltr'><strong>fuerit,</strong></span> <span class='ocrx_word' id='word_1_20' title='bbox 1811 406 1986 458; x_wconf 90' lang='lat' dir='ltr'><strong>notius</strong></span> <span class='ocrx_word' id='word_1_21' title='bbox 2022 420 2100 459; x_wconf 88' lang='lat' dir='ltr'><strong>est</strong></span> 
     </span>
     <span class='ocr_line' id='line_1_4' title="bbox 255 471 2098 561; baseline 0.002 -20"><span class='ocrx_word' id='word_1_22' title='bbox 255 492 394 542; x_wconf 83' lang='lat' dir='ltr'><strong>forte</strong></span> <span class='ocrx_word' id='word_1_23' title='bbox 418 508 577 559; x_wconf 89' lang='lat' dir='ltr'><strong>quam</strong></span> <span class='ocrx_word' id='word_1_24' title='bbox 602 489 805 542; x_wconf 88' lang='lat' dir='ltr'><strong>vellem.</strong></span> <span class='ocrx_word' id='word_1_25' title='bbox 866 488 1124 540; x_wconf 84' lang='lat' dir='ltr'><strong>Amabam</strong></span> <span class='ocrx_word' id='word_1_26' title='bbox 1149 475 1421 554; x_wconf 79' lang='lat' dir='ltr'><strong>virtutem,</strong></span> <span class='ocrx_word' id='word_1_27' title='bbox 1447 471 1727 542; x_wconf 82' lang='grc'><strong>1311(131)3111</strong></span> <span class='ocrx_word' id='word_1_28' title='bbox 1749 492 2098 561; x_wconf 89' lang='lat' dir='ltr'><strong>propositum,</strong></span> 
     </span>
     <span class='ocr_line' id='line_1_5' title="bbox 257 575 2116 644; baseline 0.002 -17"><span class='ocrx_word' id='word_1_29' title='bbox 257 575 586 644; x_wconf 87' lang='lat' dir='ltr'><strong>mirabarque</strong></span> <span class='ocrx_word' id='word_1_30' title='bbox 640 575 874 626; x_wconf 91' lang='lat' dir='ltr'><strong>animum</strong></span> <span class='ocrx_word' id='word_1_31' title='bbox 927 575 1059 627; x_wconf 91' lang='lat' dir='ltr'><strong>viri·</strong></span> <span class='ocrx_word' id='word_1_32' title='bbox 1047 617 1060 639; x_wconf 88' lang='lat'><strong>,</strong></span> <span class='ocrx_word' id='word_1_33' title='bbox 1134 575 1433 644; x_wconf 86' lang='lat' dir='ltr'><strong>gratulabar</strong></span> <span class='ocrx_word' id='word_1_34' title='bbox 1486 575 1686 641; x_wconf 89' lang='lat' dir='ltr'><strong>Italiae,</strong></span> <span class='ocrx_word' id='word_1_35' title='bbox 1741 576 1906 629; x_wconf 89' lang='lat' dir='ltr'><strong>almae</strong></span> <span class='ocrx_word' id='word_1_36' title='bbox 1957 578 2116 630; x_wconf 63' lang='lat' dir='ltr'><strong>urbis‘</strong></span> 
     </span>
     <span class='ocr_line' id='line_1_6' title="bbox 255 650 2100 732; baseline 0.002 -19"><span class='ocrx_word' id='word_1_37' title='bbox 255 663 553 732; x_wconf 88' lang='lat' dir='ltr'><strong>imperium,</strong></span> <span class='ocrx_word' id='word_1_38' title='bbox 616 661 802 713; x_wconf 92' lang='lat' dir='ltr'><strong>mundi</strong></span> <span class='ocrx_word' id='word_1_39' title='bbox 864 662 1027 714; x_wconf 90' lang='lat' dir='ltr'><strong>totius</strong></span> <span class='ocrx_word' id='word_1_40' title='bbox 1088 650 1323 732; x_wconf 91' lang='lat' dir='ltr'><strong>requiem</strong></span> <span class='ocrx_word' id='word_1_41' title='bbox 1384 662 1770 732; x_wconf 84' lang='lat' dir='ltr'><strong>praevidebam.</strong></span> <span class='ocrx_word' id='word_1_42' title='bbox 1865 663 1977 716; x_wconf 93' lang='lat' dir='ltr'><strong>Tot</strong></span> <span class='ocrx_word' id='word_1_43' title='bbox 2037 683 2100 716; x_wconf 85' lang='lat' dir='ltr'><strong>ex</strong></span> 
     </span>
     <span class='ocr_line' id='line_1_7' title="bbox 255 747 2100 821; baseline 0.002 -21"><span class='ocrx_word' id='word_1_44' title='bbox 255 748 512 800; x_wconf 87' lang='lat' dir='ltr'><strong>radicibus</strong></span> <span class='ocrx_word' id='word_1_45' title='bbox 540 748 706 799; x_wconf 89' lang='lat' dir='ltr'><strong>oriens</strong></span> <span class='ocrx_word' id='word_1_46' title='bbox 735 747 987 815; x_wconf 88' lang='lat' dir='ltr'><strong>gaudium</strong></span> <span class='ocrx_word' id='word_1_47' title='bbox 1015 747 1333 800; x_wconf 89' lang='lat' dir='ltr'><strong>dissimulare</strong></span> <span class='ocrx_word' id='word_1_48' title='bbox 1361 769 1467 801; x_wconf 93' lang='lat' dir='ltr'><strong>non</strong></span> <span class='ocrx_word' id='word_1_49' title='bbox 1493 763 1751 819; x_wconf 89' lang='lat' dir='ltr'><strong>poteram,</strong></span> <span class='ocrx_word' id='word_1_50' title='bbox 1779 749 2100 821; x_wconf 89' lang='lat' dir='ltr'><strong>videbarque</strong></span> 
     </span>
     <span class='ocr_line' id='line_1_8' title="bbox 187 821 2101 904; baseline 0.003 -20"><span class='ocrx_word' id='word_1_51' title='bbox 187 855 231 894; x_wconf 89' lang='lat'><strong>25</strong></span> <span class='ocrx_word' id='word_1_52' title='bbox 254 835 383 886; x_wconf 90' lang='lat' dir='ltr'><strong>mihi</strong></span> <span class='ocrx_word' id='word_1_53' title='bbox 404 835 565 886; x_wconf 88' lang='lat' dir='ltr'><strong>totius</strong></span> <span class='ocrx_word' id='word_1_54' title='bbox 584 834 776 902; x_wconf 86' lang='lat' dir='ltr'><strong>gloriae</strong></span> <span class='ocrx_word' id='word_1_55' title='bbox 794 835 1070 904; x_wconf 87' lang='lat' dir='ltr'><strong>particeps,</strong></span> <span class='ocrx_word' id='word_1_56' title='bbox 1090 836 1130 886; x_wconf 93' lang='lat' dir='ltr'><strong>si</strong></span> <span class='ocrx_word' id='word_1_57' title='bbox 1149 837 1380 887; x_wconf 90' lang='lat' dir='ltr'><strong>currenti</strong></span> <span class='ocrx_word' id='word_1_58' title='bbox 1398 836 1495 888; x_wconf 90' lang='lat' dir='ltr'><strong>sibi</strong></span> <span class='ocrx_word' id='word_1_59' title='bbox 1514 836 1748 888; x_wconf 89' lang='lat' dir='ltr'><strong>stimulos</strong></span> <span class='ocrx_word' id='word_1_60' title='bbox 1769 821 2101 902; x_wconf 78' lang='lat' dir='ltr'><strong>addidissem,</strong></span> 
     </span>
     <span class='ocr_line' id='line_1_9' title="bbox 255 921 2098 991; baseline 0.002 -19"><span class='ocrx_word' id='word_1_61' title='bbox 255 940 401 991; x_wconf 88' lang='lat' dir='ltr'><strong>quos,</strong></span> <span class='ocrx_word' id='word_1_62' title='bbox 447 934 508 973; x_wconf 93' lang='lat' dir='ltr'><strong>ut</strong></span> <span class='ocrx_word' id='word_1_63' title='bbox 553 921 727 972; x_wconf 91' lang='lat' dir='ltr'><strong>nuntii</strong></span> <span class='ocrx_word' id='word_1_64' title='bbox 772 921 877 972; x_wconf 89' lang='lat' dir='ltr'><strong>eius</strong></span> <span class='ocrx_word' id='word_1_65' title='bbox 924 921 1253 973; x_wconf 85' lang='lat' dir='ltr'><strong>testabantur</strong></span> <span class='ocrx_word' id='word_1_66' title='bbox 1296 937 1350 974; x_wconf 91' lang='lat' dir='ltr'><strong>et</strong></span> <span class='ocrx_word' id='word_1_67' title='bbox 1393 923 1616 988; x_wconf 86' lang='lat' dir='ltr'><strong>litterae,</strong></span> <span class='ocrx_word' id='word_1_68' title='bbox 1662 923 1717 974; x_wconf 92' lang='lat' dir='ltr'><strong>in</strong></span> <span class='ocrx_word' id='word_1_69' title='bbox 1760 923 1927 976; x_wconf 88' lang='lat' dir='ltr'><strong>verbis</strong></span> <span class='ocrx_word' id='word_1_70' title='bbox 1973 925 2098 976; x_wconf 90' lang='lat' dir='ltr'><strong>meis</strong></span> 
     </span>
     <span class='ocr_line' id='line_1_10' title="bbox 259 1007 2098 1081; baseline 0.002 -21"><span class='ocrx_word' id='word_1_71' title='bbox 259 1008 573 1060; x_wconf 84' lang='lat' dir='ltr'><strong>acutissimos</strong></span> <span class='ocrx_word' id='word_1_72' title='bbox 602 1007 878 1059; x_wconf 90' lang='lat' dir='ltr'><strong>sentiebat.</strong></span> <span class='ocrx_word' id='word_1_73' title='bbox 943 1007 1123 1059; x_wconf 89' lang='lat' dir='ltr'><strong>Tanto</strong></span> <span class='ocrx_word' id='word_1_74' title='bbox 1153 1028 1248 1076; x_wconf 88' lang='lat' dir='ltr'><strong>ego</strong></span> <span class='ocrx_word' id='word_1_75' title='bbox 1277 1010 1436 1077; x_wconf 85' lang='lat' dir='ltr'><strong>magis</strong></span> <span class='ocrx_word' id='word_1_76' title='bbox 1467 1009 1712 1060; x_wconf 88' lang='lat' dir='ltr'><strong>ardebam</strong></span> <span class='ocrx_word' id='word_1_77' title='bbox 1743 1009 2098 1081; x_wconf 89' lang='lat' dir='ltr'><strong>acuebamque</strong></span> 
     </span>
     <span class='ocr_line' id='line_1_11' title="bbox 258 1094 2098 1170; baseline 0.001 -24"><span class='ocrx_word' id='word_1_78' title='bbox 258 1095 509 1159; x_wconf 89' lang='lat' dir='ltr'><strong>animum,</strong></span> <span class='ocrx_word' id='word_1_79' title='bbox 531 1095 570 1145; x_wconf 89' lang='lat' dir='ltr'><strong>si</strong></span> <span class='ocrx_word' id='word_1_80' title='bbox 592 1094 722 1163; x_wconf 91' lang='lat' dir='ltr'><strong>quid</strong></span> <span class='ocrx_word' id='word_1_81' title='bbox 741 1094 1036 1162; x_wconf 83' lang='lat' dir='ltr'><strong>excogitare</strong></span> <span class='ocrx_word' id='word_1_82' title='bbox 1056 1113 1256 1164; x_wconf 86' lang='lat' dir='ltr'><strong>possem</strong></span> <span class='ocrx_word' id='word_1_83' title='bbox 1284 1095 1429 1165; x_wconf 93' lang='lat' dir='ltr'><strong>quod</strong></span> <span class='ocrx_word' id='word_1_84' title='bbox 1454 1097 1655 1148; x_wconf 82' lang='lat' dir='ltr'><strong>fervens</strong></span> <span class='ocrx_word' id='word_1_85' title='bbox 1676 1095 1807 1148; x_wconf 93' lang='lat' dir='ltr'><strong>illud</strong></span> <span class='ocrx_word' id='word_1_86' title='bbox 1827 1097 2098 1170; x_wconf 86' lang='lat' dir='ltr'><strong>ingenium</strong></span> 
     </span>
     <span class='ocr_line' id='line_1_12' title="bbox 256 1180 2098 1252; baseline 0.002 -20"><span class='ocrx_word' id='word_1_87' title='bbox 256 1181 632 1245; x_wconf 85' lang='lat' dir='ltr'><strong>inflammaret3</strong></span> <span class='ocrx_word' id='word_1_88' title='bbox 683 1194 738 1231; x_wconf 90' lang='lat' dir='ltr'><strong>et</strong></span> <span class='ocrx_word' id='word_1_89' title='bbox 765 1181 856 1250; x_wconf 92' lang='lat' dir='ltr'><strong>qui</strong></span> <span class='ocrx_word' id='word_1_90' title='bbox 885 1180 1050 1250; x_wconf 91' lang='lat' dir='ltr'><strong>probe</strong></span> <span class='ocrx_word' id='word_1_91' title='bbox 1079 1200 1279 1232; x_wconf 87' lang='lat' dir='ltr'><strong>nossem</strong></span> <span class='ocrx_word' id='word_1_92' title='bbox 1307 1181 1448 1233; x_wconf 90' lang='lat' dir='ltr'><strong>nulla</strong></span> <span class='ocrx_word' id='word_1_93' title='bbox 1477 1202 1531 1233; x_wconf 91' lang='lat' dir='ltr'><strong>re</strong></span> <span class='ocrx_word' id='word_1_94' title='bbox 1559 1183 1719 1250; x_wconf 86' lang='lat' dir='ltr'><strong>magis</strong></span> <span class='ocrx_word' id='word_1_95' title='bbox 1748 1201 1907 1252; x_wconf 90' lang='lat' dir='ltr'><strong>quam</strong></span> <span class='ocrx_word' id='word_1_96' title='bbox 1935 1182 2098 1252; x_wconf 84' lang='lat' dir='ltr'><strong>glorla</strong></span> 
     </span>
     <span class='ocr_line' id='line_1_13' title="bbox 184 1267 2097 1337; baseline 0.001 -18"><span class='ocrx_word' id='word_1_97' title='bbox 184 1292 232 1331; x_wconf 86' lang='lat'><strong>30</strong></span> <span class='ocrx_word' id='word_1_98' title='bbox 256 1282 310 1319; x_wconf 92' lang='lat' dir='ltr'><strong>et</strong></span> <span class='ocrx_word' id='word_1_99' title='bbox 351 1267 591 1321; x_wconf 89' lang='lat' dir='ltr'><strong>laudibus</strong></span> <span class='ocrx_word' id='word_1_100' title='bbox 635 1286 942 1336; x_wconf 86' lang='lat' dir='ltr'><strong>generosum</strong></span> <span class='ocrx_word' id='word_1_101' title='bbox 985 1282 1167 1337; x_wconf 90' lang='lat' dir='ltr'><strong>pectus</strong></span> <span class='ocrx_word' id='word_1_102' title='bbox 1211 1268 1547 1333; x_wconf 85' lang='lat' dir='ltr'><strong>inardescere,</strong></span> <span class='ocrx_word' id='word_1_103' title='bbox 1591 1269 1879 1320; x_wconf 89' lang='lat' dir='ltr'><strong>inserebam</strong></span> <span class='ocrx_word' id='word_1_104' title='bbox 1921 1269 2097 1321; x_wconf 90' lang='lat' dir='ltr'><strong>laudes</strong></span> 
     </span>
     <span class='ocr_line' id='line_1_14' title="bbox 242 1344 2097 1426; baseline 0.002 -21"><span class='ocrx_word' id='word_1_105' title='bbox 242 1344 589 1423; x_wconf 50' lang='lat' dir='ltr'><strong>magnificas</strong></span> <span class='ocrx_word' id='word_1_106' title='bbox 581 1348 634 1405; x_wconf 79' lang='grc'><strong>61</strong></span> <span class='ocrx_word' id='word_1_107' title='bbox 664 1353 955 1405; x_wconf 87' lang='grc'><strong>11111110111111</strong></span> <span class='ocrx_word' id='word_1_108' title='bbox 984 1356 1123 1405; x_wconf 81' lang='lat' dir='ltr'><strong>forte</strong></span> <span class='ocrx_word' id='word_1_109' title='bbox 1151 1354 1347 1406; x_wconf 90' lang='lat' dir='ltr'><strong>iudicio</strong></span> <span class='ocrx_word' id='word_1_110' title='bbox 1376 1355 1575 1420; x_wconf 89' lang='lat' dir='ltr'><strong>nimias,</strong></span> <span class='ocrx_word' id='word_1_111' title='bbox 1596 1355 1686 1406; x_wconf 91' lang='lat' dir='ltr'><strong>sed</strong></span> <span class='ocrx_word' id='word_1_112' title='bbox 1715 1373 1830 1407; x_wconf 90' lang='lat' dir='ltr'><strong>mea</strong></span> <span class='ocrx_word' id='word_1_113' title='bbox 1850 1356 2097 1426; x_wconf 89' lang='lat' dir='ltr'><strong>opinione</strong></span> 
     </span>
     <span class='ocr_line' id='line_1_15' title="bbox 253 1434 2093 1512; baseline 0.001 -19"><span class='ocrx_word' id='word_1_114' title='bbox 253 1441 552 1505; x_wconf 87' lang='lat' dir='ltr'><strong>verissimas,</strong></span> <span class='ocrx_word' id='word_1_115' title='bbox 589 1440 1041 1510; x_wconf 91' lang='lat' dir='ltr'><strong>praeteritumque</strong></span> <span class='ocrx_word' id='word_1_116' title='bbox 1074 1440 1462 1506; x_wconf 89' lang='lat' dir='ltr'><strong>commendans,</strong></span> <span class='ocrx_word' id='word_1_117' title='bbox 1498 1434 1747 1493; x_wconf 90' lang='lat' dir='ltr'><strong>hortabar</strong></span> <span class='ocrx_word' id='word_1_118' title='bbox 1779 1441 1846 1493; x_wconf 90' lang='lat' dir='ltr'><strong>ad</strong></span> <span class='ocrx_word' id='word_1_119' title='bbox 1879 1441 2093 1512; x_wconf 89' lang='lat' dir='ltr'><strong>reliqua.</strong></span> 
     </span>
     <span class='ocr_line' id='line_1_16' title="bbox 255 1526 2096 1597; baseline 0.001 -17"><span class='ocrx_word' id='word_1_120' title='bbox 255 1530 475 1580; x_wconf 88' lang='lat' dir='ltr'><strong>Exstant</strong></span> <span class='ocrx_word' id='word_1_121' title='bbox 513 1527 714 1596; x_wconf 91' lang='lat' dir='ltr'><strong>aliquot</strong></span> <span class='ocrx_word' id='word_1_122' title='bbox 753 1545 898 1578; x_wconf 90' lang='lat' dir='ltr'><strong>meae</strong></span> <span class='ocrx_word' id='word_1_123' title='bbox 937 1527 1002 1578; x_wconf 93' lang='lat' dir='ltr'><strong>ad</strong></span> <span class='ocrx_word' id='word_1_124' title='bbox 1045 1526 1195 1579; x_wconf 90' lang='lat' dir='ltr'><strong>illum</strong></span> <span class='ocrx_word' id='word_1_125' title='bbox 1240 1527 1504 1596; x_wconf 88' lang='lat' dir='ltr'><strong>epistolae,</strong></span> <span class='ocrx_word' id='word_1_126' title='bbox 1544 1547 1767 1597; x_wconf 89' lang='lat' dir='ltr'><strong>quarum</strong></span> <span class='ocrx_word' id='word_1_127' title='bbox 1811 1546 1896 1580; x_wconf 91' lang='lat' dir='ltr'><strong>me</strong></span> <span class='ocrx_word' id='word_1_128' title='bbox 1938 1528 2096 1582; x_wconf 91' lang='lat' dir='ltr'><strong>hodie</strong></span> 
     </span>
     <span class='ocr_line' id='line_1_17' title="bbox 231 1612 2095 1687; baseline 0.002 -23"><span class='ocrx_word' id='word_1_129' title='bbox 231 1633 374 1687; x_wconf 36' lang='grc'><strong>,11011-</strong></span> <span class='ocrx_word' id='word_1_130' title='bbox 391 1613 599 1683; x_wconf 91' lang='lat' dir='ltr'><strong>penitus</strong></span> <span class='ocrx_word' id='word_1_131' title='bbox 631 1612 815 1682; x_wconf 90' lang='lat' dir='ltr'><strong>pudet.</strong></span> <span class='ocrx_word' id='word_1_132' title='bbox 884 1612 1135 1665; x_wconf 85' lang='lat' dir='ltr'><strong>Divinare</strong></span> <span class='ocrx_word' id='word_1_133' title='bbox 1165 1614 1306 1664; x_wconf 91' lang='lat' dir='ltr'><strong>enim</strong></span> <span class='ocrx_word' id='word_1_134' title='bbox 1338 1633 1442 1665; x_wconf 92' lang='lat' dir='ltr'><strong>non</strong></span> <span class='ocrx_word' id='word_1_135' title='bbox 1474 1613 1648 1678; x_wconf 90' lang='lat' dir='ltr'><strong>soleo;</strong></span> <span class='ocrx_word' id='word_1_136' title='bbox 1701 1628 1862 1684; x_wconf 89' lang='lat' dir='ltr'><strong>atque</strong></span> <span class='ocrx_word' id='word_1_137' title='bbox 1891 1615 2095 1668; x_wconf 90' lang='lat' dir='ltr'><strong>utinam</strong></span> 
     </span>
     <span class='ocr_line' id='line_1_18' title="bbox 183 1685 2094 1770; baseline 0.001 -19"><span class='ocrx_word' id='word_1_138' title='bbox 183 1685 347 1763; x_wconf 70' lang='grc'><strong>351166</strong></span> <span class='ocrx_word' id='word_1_139' title='bbox 386 1700 495 1769; x_wconf 90' lang='lat' dir='ltr'><strong>ipse</strong></span> <span class='ocrx_word' id='word_1_140' title='bbox 533 1699 693 1750; x_wconf 90' lang='lat' dir='ltr'><strong>etiam</strong></span> <span class='ocrx_word' id='word_1_141' title='bbox 734 1698 1026 1750; x_wconf 89' lang='lat' dir='ltr'><strong>divinasset.</strong></span> <span class='ocrx_word' id='word_1_142' title='bbox 1102 1699 1346 1752; x_wconf 82' lang='lat' dir='ltr'><strong>Profecto</strong></span> <span class='ocrx_word' id='word_1_143' title='bbox 1385 1714 1562 1752; x_wconf 88' lang='lat' dir='ltr'><strong>autem</strong></span> <span class='ocrx_word' id='word_1_144' title='bbox 1602 1699 1763 1770; x_wconf 87' lang='lat' dir='ltr'><strong>quod,</strong></span> <span class='ocrx_word' id='word_1_145' title='bbox 1806 1700 1933 1752; x_wconf 92' lang='lat' dir='ltr'><strong>dum</strong></span> <span class='ocrx_word' id='word_1_146' title='bbox 1970 1702 2094 1753; x_wconf 88' lang='lat' dir='ltr'><strong>scri-</strong></span> 
     </span>
     <span class='ocr_line' id='line_1_19' title="bbox 253 1785 2095 1855; baseline 0.001 -18"><span class='ocrx_word' id='word_1_147' title='bbox 253 1787 448 1851; x_wconf 88' lang='lat' dir='ltr'><strong>berem,</strong></span> <span class='ocrx_word' id='word_1_148' title='bbox 497 1785 682 1854; x_wconf 85' lang='lat' dir='ltr'><strong>agebat</strong></span> <span class='ocrx_word' id='word_1_149' title='bbox 730 1798 1045 1855; x_wconf 88' lang='lat' dir='ltr'><strong>acturusque</strong></span> <span class='ocrx_word' id='word_1_150' title='bbox 1090 1786 1385 1851; x_wconf 88' lang='lat' dir='ltr'><strong>videbatur,</strong></span> <span class='ocrx_word' id='word_1_151' title='bbox 1434 1805 1539 1837; x_wconf 90' lang='lat' dir='ltr'><strong>non</strong></span> <span class='ocrx_word' id='word_1_152' title='bbox 1587 1805 1701 1838; x_wconf 91' lang='lat' dir='ltr'><strong>mea</strong></span> <span class='ocrx_word' id='word_1_153' title='bbox 1748 1800 1959 1839; x_wconf 89' lang='lat' dir='ltr'><strong>tantum</strong></span> <span class='ocrx_word' id='word_1_154' title='bbox 2004 1787 2095 1839; x_wconf 91' lang='lat' dir='ltr'><strong>sed</strong></span> 
     </span>
     <span class='ocr_line' id='line_1_20' title="bbox 253 1871 2091 1941; baseline 0.001 -17"><span class='ocrx_word' id='word_1_155' title='bbox 253 1873 414 1924; x_wconf 91' lang='lat' dir='ltr'><strong>totius</strong></span> <span class='ocrx_word' id='word_1_156' title='bbox 446 1872 663 1924; x_wconf 86' lang='lat' dir='ltr'><strong>humani</strong></span> <span class='ocrx_word' id='word_1_157' title='bbox 694 1871 892 1940; x_wconf 83' lang='lat' dir='ltr'><strong>generis</strong></span> <span class='ocrx_word' id='word_1_158' title='bbox 924 1871 1078 1924; x_wconf 90' lang='lat' dir='ltr'><strong>laude</strong></span> <span class='ocrx_word' id='word_1_159' title='bbox 1109 1886 1163 1923; x_wconf 90' lang='lat' dir='ltr'><strong>et</strong></span> <span class='ocrx_word' id='word_1_160' title='bbox 1196 1872 1542 1924; x_wconf 89' lang='lat' dir='ltr'><strong>admiratione</strong></span> <span class='ocrx_word' id='word_1_161' title='bbox 1574 1871 1932 1941; x_wconf 86' lang='lat' dir='ltr'><strong>dignissimum</strong></span> <span class='ocrx_word' id='word_1_162' title='bbox 1964 1887 2091 1926; x_wconf 90' lang='lat' dir='ltr'><strong>erat.</strong></span> 
     </span>
     <span class='ocr_line' id='line_1_21' title="bbox 251 1958 2095 2029; baseline 0.001 -19"><span class='ocrx_word' id='word_1_163' title='bbox 251 1959 335 2010; x_wconf 91' lang='lat' dir='ltr'><strong>An</strong></span> <span class='ocrx_word' id='word_1_164' title='bbox 364 1973 541 2010; x_wconf 90' lang='lat' dir='ltr'><strong>tamen</strong></span> <span class='ocrx_word' id='word_1_165' title='bbox 568 1958 637 2009; x_wconf 95' lang='lat' dir='ltr'><strong>ob</strong></span> <span class='ocrx_word' id='word_1_166' title='bbox 666 1958 765 2009; x_wconf 91' lang='lat' dir='ltr'><strong>hoc</strong></span> <span class='ocrx_word' id='word_1_167' title='bbox 801 1977 968 2010; x_wconf 91' lang='lat' dir='ltr'><strong>unum</strong></span> <span class='ocrx_word' id='word_1_168' title='bbox 1000 1958 1290 2010; x_wconf 89' lang='lat' dir='ltr'><strong>eradendae</strong></span> <span class='ocrx_word' id='word_1_169' title='bbox 1315 1959 1438 2022; x_wconf 87' lang='lat' dir='ltr'><strong>sint,</strong></span> <span class='ocrx_word' id='word_1_170' title='bbox 1467 1959 1654 2024; x_wconf 80' lang='lat' dir='ltr'><strong>nescio,</strong></span> <span class='ocrx_word' id='word_1_171' title='bbox 1685 1958 1830 2028; x_wconf 91' lang='lat' dir='ltr'><strong>quod</strong></span> <span class='ocrx_word' id='word_1_172' title='bbox 1865 1960 2095 2029; x_wconf 90' lang='lat' dir='ltr'><strong>turpiter</strong></span> 
     </span>
     <span class='ocr_line' id='line_1_22' title="bbox 251 2043 2094 2114; baseline 0 -17"><span class='ocrx_word' id='word_1_173' title='bbox 251 2046 423 2097; x_wconf 87' lang='lat' dir='ltr'><strong>vivere</strong></span> <span class='ocrx_word' id='word_1_174' title='bbox 453 2044 638 2096; x_wconf 85' lang='lat' dir='ltr'><strong>maluit</strong></span> <span class='ocrx_word' id='word_1_175' title='bbox 670 2062 829 2114; x_wconf 92' lang='lat' dir='ltr'><strong>quam</strong></span> <span class='ocrx_word' id='word_1_176' title='bbox 860 2044 1078 2096; x_wconf 92' lang='lat' dir='ltr'><strong>honeste</strong></span> <span class='ocrx_word' id='word_1_177' title='bbox 1108 2046 1257 2096; x_wconf 90' lang='lat' dir='ltr'><strong>mori.</strong></span> <span class='ocrx_word' id='word_1_178' title='bbox 1326 2043 1428 2095; x_wconf 90' lang='lat' dir='ltr'><strong>Sed</strong></span> <span class='ocrx_word' id='word_1_179' title='bbox 1459 2044 1524 2095; x_wconf 91' lang='lat' dir='ltr'><strong>de</strong></span> <span class='ocrx_word' id='word_1_180' title='bbox 1553 2044 1955 2114; x_wconf 90' lang='lat' dir='ltr'><strong>impossibilibus</strong></span> <span class='ocrx_word' id='word_1_181' title='bbox 1987 2064 2094 2098; x_wconf 90' lang='lat' dir='ltr'><strong>non</strong></span> 
     </span>
     <span class='ocr_line' id='line_1_23' title="bbox 180 2130 2098 2201; baseline -0.001 -17"><span class='ocrx_word' id='word_1_182' title='bbox 180 2158 230 2193; x_wconf 87' lang='lat'><strong>40</strong></span> <span class='ocrx_word' id='word_1_183' title='bbox 251 2145 328 2183; x_wconf 91' lang='lat' dir='ltr'><strong>est</strong></span> <span class='ocrx_word' id='word_1_184' title='bbox 354 2131 685 2182; x_wconf 88' lang='lat' dir='ltr'><strong>consultatio.</strong></span> <span class='ocrx_word' id='word_1_185' title='bbox 748 2132 859 2184; x_wconf 90' lang='lat' dir='ltr'><strong>Etsi</strong></span> <span class='ocrx_word' id='word_1_186' title='bbox 885 2132 1025 2182; x_wconf 91' lang='lat' dir='ltr'><strong>enim</strong></span> <span class='ocrx_word' id='word_1_187' title='bbox 1053 2131 1224 2182; x_wconf 90' lang='lat' dir='ltr'><strong>delere</strong></span> <span class='ocrx_word' id='word_1_188' title='bbox 1249 2131 1332 2182; x_wconf 87' lang='lat' dir='ltr'><strong>illa</strong></span> <span class='ocrx_word' id='word_1_189' title='bbox 1360 2130 1509 2184; x_wconf 89' lang='lat' dir='ltr'><strong>valde</strong></span> <span class='ocrx_word' id='word_1_190' title='bbox 1534 2130 1707 2195; x_wconf 88' lang='lat' dir='ltr'><strong>velim,</strong></span> <span class='ocrx_word' id='word_1_191' title='bbox 1735 2149 1841 2182; x_wconf 92' lang='lat' dir='ltr'><strong>non</strong></span> <span class='ocrx_word' id='word_1_192' title='bbox 1867 2145 2055 2201; x_wconf 89' lang='lat' dir='ltr'><strong>potero</strong></span> <span class='ocrx_word' id='word_1_193' title='bbox 2076 2136 2098 2197; x_wconf 65' lang='lat'><strong>;‘</strong></span> 
     </span>
     <span class='ocr_line' id='line_1_24' title="bbox 254 2216 1594 2287; baseline -0.001 -18"><span class='ocrx_word' id='word_1_194' title='bbox 254 2218 307 2269; x_wconf 91' lang='lat' dir='ltr'><strong>in</strong></span> <span class='ocrx_word' id='word_1_195' title='bbox 337 2217 611 2287; x_wconf 92' lang='lat' dir='ltr'><strong>publicum</strong></span> <span class='ocrx_word' id='word_1_196' title='bbox 642 2236 868 2285; x_wconf 84' lang='lat' dir='ltr'><strong>egressae</strong></span> <span class='ocrx_word' id='word_1_197' title='bbox 897 2217 999 2267; x_wconf 90' lang='lat' dir='ltr'><strong>mei</strong></span> <span class='ocrx_word' id='word_1_198' title='bbox 1029 2217 1150 2268; x_wconf 89' lang='lat' dir='ltr'><strong>iuris</strong></span> <span class='ocrx_word' id='word_1_199' title='bbox 1182 2236 1286 2267; x_wconf 89' lang='lat' dir='ltr'><strong>esse</strong></span> <span class='ocrx_word' id='word_1_200' title='bbox 1316 2216 1594 2268; x_wconf 91' lang='lat' dir='ltr'><strong>desierunt.</strong></span> 
     </span>
    </p>

    <p class='ocr_par' dir='ltr' id='par_1_3' title="bbox 252 2302 2092 2545">
     <span class='ocr_line' id='line_1_25' title="bbox 320 2302 2092 2374; baseline 0.001 -20"><span class='ocrx_word' id='word_1_201' title='bbox 320 2303 510 2372; x_wconf 91' lang='lat' dir='ltr'><strong>Itaque</strong></span> <span class='ocrx_word' id='word_1_202' title='bbox 559 2317 809 2373; x_wconf 91' lang='lat' dir='ltr'><strong>coeptum</strong></span> <span class='ocrx_word' id='word_1_203' title='bbox 858 2321 1061 2372; x_wconf 88' lang='lat' dir='ltr'><strong>sequor.</strong></span> <span class='ocrx_word' id='word_1_204' title='bbox 1149 2303 1375 2355; x_wconf 91' lang='lat' dir='ltr'><strong>Intravit</strong></span> <span class='ocrx_word' id='word_1_205' title='bbox 1422 2302 1637 2354; x_wconf 88' lang='lat' dir='ltr'><strong>Curiam</strong></span> <span class='ocrx_word' id='word_1_206' title='bbox 1683 2302 1892 2354; x_wconf 90' lang='lat' dir='ltr'><strong>humilis</strong></span> <span class='ocrx_word' id='word_1_207' title='bbox 1932 2317 2092 2374; x_wconf 90' lang='lat' dir='ltr'><strong>atque</strong></span> 
     </span>
     <span class='ocr_line' id='line_1_26' title="bbox 253 2388 2091 2474; baseline 0.001 -33"><span class='ocrx_word' id='word_1_208' title='bbox 253 2403 586 2459; x_wconf 88' lang='lat' dir='ltr'><strong>contemptus</strong></span> <span class='ocrx_word' id='word_1_209' title='bbox 615 2390 653 2440; x_wconf 91' lang='lat' dir='ltr'><strong>is</strong></span> <span class='ocrx_word' id='word_1_210' title='bbox 682 2389 773 2459; x_wconf 91' lang='lat' dir='ltr'><strong>qui</strong></span> <span class='ocrx_word' id='word_1_211' title='bbox 796 2388 959 2470; x_wconf 45' lang='lat' dir='ltr'><strong>&amp;alos</strong></span> <span class='ocrx_word' id='word_1_212' title='bbox 988 2388 1114 2440; x_wconf 91' lang='lat' dir='ltr'><strong>orbe</strong></span> <span class='ocrx_word' id='word_1_213' title='bbox 1142 2402 1259 2440; x_wconf 91' lang='lat' dir='ltr'><strong>toto</strong></span> <span class='ocrx_word' id='word_1_214' title='bbox 1287 2389 1580 2440; x_wconf 81' lang='lat' dir='ltr'><strong>tremefecit</strong></span> <span class='ocrx_word' id='word_1_215' title='bbox 1608 2407 1664 2440; x_wconf 88' lang='lat' dir='ltr'><strong>ac</strong></span> <span class='ocrx_word' id='word_1_216' title='bbox 1693 2389 1900 2453; x_wconf 88' lang='lat' dir='ltr'><strong>terruit,</strong></span> <span class='ocrx_word' id='word_1_217' title='bbox 1928 2389 2091 2474; x_wconf 51' lang='lat' dir='ltr'><strong>gonos</strong></span> 
     </span>
     <span class='ocr_line' id='line_1_27' title="bbox 252 2474 2092 2545; baseline 0 -18"><span class='ocrx_word' id='word_1_218' title='bbox 252 2495 341 2545; x_wconf 92' lang='lat' dir='ltr'><strong>spe</strong></span> <span class='ocrx_word' id='word_1_219' title='bbox 380 2475 656 2526; x_wconf 85' lang='lat' dir='ltr'><strong>laetissima</strong></span> <span class='ocrx_word' id='word_1_220' title='bbox 710 2489 870 2544; x_wconf 90' lang='lat' dir='ltr'><strong>atque</strong></span> <span class='ocrx_word' id='word_1_221' title='bbox 923 2475 1310 2544; x_wconf 81' lang='lat' dir='ltr'><strong>exspectatione</strong></span> <span class='ocrx_word' id='word_1_222' title='bbox 1364 2474 1684 2544; x_wconf 90' lang='lat' dir='ltr'><strong>complevit;</strong></span> <span class='ocrx_word' id='word_1_223' title='bbox 1759 2488 1812 2526; x_wconf 90' lang='lat' dir='ltr'><strong>et</strong></span> <span class='ocrx_word' id='word_1_224' title='bbox 1851 2475 2092 2528; x_wconf 89' lang='lat' dir='ltr'><strong>universo</strong></span> 
     </span>
    </p>

    <p class='ocr_par' dir='ltr' id='par_1_4' title="bbox 181 2560 2091 2974">
     <span class='ocr_line' id='line_1_28' title="bbox 181 2560 2088 2631; baseline 0 -18"><span class='ocrx_word' id='word_1_225' title='bbox 181 2592 227 2631; x_wconf 83' lang='lat'><strong>45</strong></span> <span class='ocrx_word' id='word_1_226' title='bbox 253 2561 520 2631; x_wconf 89' lang='lat' dir='ltr'><strong>quondam</strong></span> <span class='ocrx_word' id='word_1_227' title='bbox 561 2561 760 2630; x_wconf 93' lang='lat' dir='ltr'><strong>populo</strong></span> <span class='ocrx_word' id='word_1_228' title='bbox 800 2562 1038 2612; x_wconf 89' lang='lat' dir='ltr'><strong>Romano</strong></span> <span class='ocrx_word' id='word_1_229' title='bbox 1079 2560 1487 2630; x_wconf 90' lang='lat' dir='ltr'><strong>Italicarumque</strong></span> <span class='ocrx_word' id='word_1_230' title='bbox 1526 2560 1738 2612; x_wconf 90' lang='lat' dir='ltr'><strong>urbium</strong></span> <span class='ocrx_word' id='word_1_231' title='bbox 1778 2561 2088 2631; x_wconf 88' lang='lat' dir='ltr'><strong>primatibus</strong></span> 
     </span>
     <span class='ocr_line' id='line_1_29' title="bbox 253 2646 2089 2716; baseline 0.001 -17"><span class='ocrx_word' id='word_1_232' title='bbox 253 2649 551 2711; x_wconf 90' lang='lat' dir='ltr'><strong>comitatus,</strong></span> <span class='ocrx_word' id='word_1_233' title='bbox 595 2667 733 2698; x_wconf 91' lang='lat' dir='ltr'><strong>nunc</strong></span> <span class='ocrx_word' id='word_1_234' title='bbox 776 2647 980 2699; x_wconf 91' lang='lat' dir='ltr'><strong>duobus</strong></span> <span class='ocrx_word' id='word_1_235' title='bbox 1020 2648 1142 2698; x_wconf 92' lang='lat' dir='ltr'><strong>hinc</strong></span> <span class='ocrx_word' id='word_1_236' title='bbox 1182 2647 1325 2699; x_wconf 85' lang='lat' dir='ltr'><strong>illinc</strong></span> <span class='ocrx_word' id='word_1_237' title='bbox 1364 2647 1583 2716; x_wconf 86' lang='lat' dir='ltr'><strong>stipatus</strong></span> <span class='ocrx_word' id='word_1_238' title='bbox 1624 2646 1932 2699; x_wconf 89' lang='lat' dir='ltr'><strong>satellitibus</strong></span> <span class='ocrx_word' id='word_1_239' title='bbox 1977 2647 2089 2700; x_wconf 91' lang='lat' dir='ltr'><strong>ibat</strong></span> 
     </span>
     <span class='ocr_line' id='line_1_30' title="bbox 253 2732 2090 2803; baseline 0.001 -18"><span class='ocrx_word' id='word_1_240' title='bbox 253 2733 432 2785; x_wconf 81' lang='lat' dir='ltr'><strong>infelix</strong></span> <span class='ocrx_word' id='word_1_241' title='bbox 467 2733 619 2803; x_wconf 89' lang='lat' dir='ltr'><strong>plebe</strong></span> <span class='ocrx_word' id='word_1_242' title='bbox 653 2733 805 2785; x_wconf 89' lang='lat' dir='ltr'><strong>obvia</strong></span> <span class='ocrx_word' id='word_1_243' title='bbox 839 2733 1156 2802; x_wconf 89' lang='lat' dir='ltr'><strong>videndique</strong></span> <span class='ocrx_word' id='word_1_244' title='bbox 1191 2732 1338 2786; x_wconf 88' lang='lat' dir='ltr'><strong>avida</strong></span> <span class='ocrx_word' id='word_1_245' title='bbox 1372 2733 1557 2784; x_wconf 81' lang='lat' dir='ltr'><strong>faciem</strong></span> <span class='ocrx_word' id='word_1_246' title='bbox 1593 2734 1715 2797; x_wconf 89' lang='grc'><strong>61113,</strong></span> <span class='ocrx_word' id='word_1_247' title='bbox 1752 2734 1894 2785; x_wconf 85' lang='grc'><strong>6111113</strong></span> <span class='ocrx_word' id='word_1_248' title='bbox 1930 2733 2090 2786; x_wconf 84' lang='grc' dir='ltr'><strong>1110ἀο</strong></span> 
     </span>
     <span class='ocr_line' id='line_1_31' title="bbox 256 2819 2091 2889; baseline 0 -18"><span class='ocrx_word' id='word_1_249' title='bbox 256 2835 366 2871; x_wconf 85' lang='grc'><strong>13111</strong></span> <span class='ocrx_word' id='word_1_250' title='bbox 399 2819 595 2870; x_wconf 86' lang='lat' dir='ltr'><strong>clarum</strong></span> <span class='ocrx_word' id='word_1_251' title='bbox 630 2837 821 2870; x_wconf 91' lang='lat' dir='ltr'><strong>nomen</strong></span> <span class='ocrx_word' id='word_1_252' title='bbox 855 2819 1105 2870; x_wconf 86' lang='lat' dir='ltr'><strong>audierat.</strong></span> <span class='ocrx_word' id='word_1_253' title='bbox 1175 2820 1299 2870; x_wconf 88' lang='lat' dir='ltr'><strong>Erat</strong></span> <span class='ocrx_word' id='word_1_254' title='bbox 1333 2832 1509 2871; x_wconf 90' lang='lat' dir='ltr'><strong>autem</strong></span> <span class='ocrx_word' id='word_1_255' title='bbox 1543 2838 1570 2870; x_wconf 92' lang='lat' dir='ltr'><strong>a</strong></span> <span class='ocrx_word' id='word_1_256' title='bbox 1591 2819 1842 2882; x_wconf 34' lang='lat' dir='ltr'><strong>*Romano</strong></span> <span class='ocrx_word' id='word_1_257' title='bbox 1874 2839 1992 2889; x_wconf 90' lang='lat' dir='ltr'><strong>rege</strong></span> <span class='ocrx_word' id='word_1_258' title='bbox 2025 2819 2091 2872; x_wconf 90' lang='lat' dir='ltr'><strong>ad</strong></span> 
     </span>
     <span class='ocr_line' id='line_1_32' title="bbox 257 2904 2088 2974; baseline 0.001 -18"><span class='ocrx_word' id='word_1_259' title='bbox 257 2906 552 2959; x_wconf 87' lang='lat' dir='ltr'><strong>Romanum</strong></span> <span class='ocrx_word' id='word_1_260' title='bbox 591 2905 895 2974; x_wconf 88' lang='lat' dir='ltr'><strong>pontificem</strong></span> <span class='ocrx_word' id='word_1_261' title='bbox 934 2906 1127 2956; x_wconf 88' lang='lat' dir='ltr'><strong>missus.</strong></span> <span class='ocrx_word' id='word_1_262' title='bbox 1202 2904 1251 2956; x_wconf 91' lang='lat' dir='ltr'>O</span> <span class='ocrx_word' id='word_1_263' title='bbox 1289 2905 1480 2956; x_wconf 91' lang='lat' dir='ltr'><strong>mirum</strong></span> <span class='ocrx_word' id='word_1_264' title='bbox 1517 2906 1926 2957; x_wconf 86' lang='lat' dir='ltr'><strong>commercium!</strong></span> <span class='ocrx_word' id='word_1_265' title='bbox 1967 2946 1979 2957; x_wconf 92' lang='lat'><strong>.</strong></span> <span class='ocrx_word' id='word_1_266' title='bbox 2021 2946 2033 2958; x_wconf 96' lang='lat'><strong>.</strong></span> <span class='ocrx_word' id='word_1_267' title='bbox 2074 2946 2088 2958; x_wconf 91' lang='lat'><strong>.</strong></span> 
     </span>
    </p>

    <p class='ocr_par' dir='ltr' id='par_1_5' title="bbox 184 2990 2092 3231">
     <span class='ocr_line' id='line_1_33' title="bbox 184 2990 2092 3064; baseline -0.001 -20.999"><span class='ocrx_word' id='word_1_268' title='bbox 184 3025 232 3064; x_wconf 81' lang='lat'><strong>50</strong></span> <span class='ocrx_word' id='word_1_269' title='bbox 253 2992 416 3064; x_wconf 86' lang='lat' dir='ltr'><strong>[Cola’</strong></span> <span class='ocrx_word' id='word_1_270' title='bbox 421 3010 443 3041; x_wconf 89' lang='lat' dir='ltr'><strong>s</strong></span> <span class='ocrx_word' id='word_1_271' title='bbox 462 2991 570 3060; x_wconf 85' lang='lat' dir='ltr'><strong>fall</strong></span> <span class='ocrx_word' id='word_1_272' title='bbox 601 3010 702 3042; x_wconf 84' lang='lat' dir='ltr'><strong>was</strong></span> <span class='ocrx_word' id='word_1_273' title='bbox 733 2991 826 3041; x_wconf 86' lang='lat' dir='ltr'><strong>due</strong></span> <span class='ocrx_word' id='word_1_274' title='bbox 861 3003 905 3042; x_wconf 88' lang='lat' dir='ltr'><strong>to</strong></span> <span class='ocrx_word' id='word_1_275' title='bbox 939 2991 1017 3042; x_wconf 80' lang='lat' dir='ltr'><strong>his</strong></span> <span class='ocrx_word' id='word_1_276' title='bbox 1048 2991 1158 3042; x_wconf 83' lang='lat' dir='ltr'><strong>lack</strong></span> <span class='ocrx_word' id='word_1_277' title='bbox 1193 2991 1251 3059; x_wconf 89' lang='lat' dir='ltr'><strong>of</strong></span> <span class='ocrx_word' id='word_1_278' title='bbox 1271 3003 1508 3042; x_wconf 83' lang='lat' dir='ltr'><strong>sternness</strong></span> <span class='ocrx_word' id='word_1_279' title='bbox 1540 2992 1594 3042; x_wconf 82' lang='lat' dir='ltr'><strong>in</strong></span> <span class='ocrx_word' id='word_1_280' title='bbox 1626 2990 1827 3059; x_wconf 84' lang='lat' dir='ltr'><strong>dealing</strong></span> <span class='ocrx_word' id='word_1_281' title='bbox 1856 2990 1977 3042; x_wconf 84' lang='lat' dir='ltr'><strong>with</strong></span> <span class='ocrx_word' id='word_1_282' title='bbox 2011 2991 2092 3043; x_wconf 85' lang='lat' dir='ltr'><strong>his</strong></span> 
     </span>
     <span class='ocr_line' id='line_1_34' title="bbox 253 3074 2088 3147; baseline 0 -17"><span class='ocrx_word' id='word_1_283' title='bbox 253 3078 474 3141; x_wconf 78' lang='lat' dir='ltr'><strong>enemies,</strong></span> <span class='ocrx_word' id='word_1_284' title='bbox 518 3096 573 3128; x_wconf 86' lang='lat' dir='ltr'><strong>as</strong></span> <span class='ocrx_word' id='word_1_285' title='bbox 613 3077 672 3128; x_wconf 92' lang='lat' dir='ltr'><strong>P.</strong></span> <span class='ocrx_word' id='word_1_286' title='bbox 717 3076 922 3145; x_wconf 84' lang='lat' dir='ltr'><strong>hzmself</strong></span> <span class='ocrx_word' id='word_1_287' title='bbox 955 3077 1055 3127; x_wconf 83' lang='lat' dir='ltr'><strong>had</strong></span> <span class='ocrx_word' id='word_1_288' title='bbox 1094 3077 1293 3128; x_wconf 83' lang='lat' dir='ltr'><strong>warned</strong></span> <span class='ocrx_word' id='word_1_289' title='bbox 1333 3076 1434 3127; x_wconf 78' lang='lat' dir='ltr'><strong>him</strong></span> <span class='ocrx_word' id='word_1_290' title='bbox 1477 3089 1532 3127; x_wconf 87' lang='lat' dir='ltr'><strong>at</strong></span> <span class='ocrx_word' id='word_1_291' title='bbox 1575 3077 1653 3127; x_wconf 85' lang='lat' dir='ltr'><strong>the</strong></span> <span class='ocrx_word' id='word_1_292' title='bbox 1697 3074 1854 3147; x_wconf 69' lang='lat' dir='ltr'><strong>time]</strong></span> <span class='ocrx_word' id='word_1_293' title='bbox 1910 3076 2088 3132; x_wconf 89' lang='lat' dir='ltr'><strong>Venit</strong></span> 
     </span>
     <span class='ocr_line' id='line_1_35' title="bbox 257 3161 2090 3231; baseline -0.002 -14"><span class='ocrx_word' id='word_1_294' title='bbox 257 3178 434 3218; x_wconf 88' lang='lat' dir='ltr'><strong>autem</strong></span> <span class='ocrx_word' id='word_1_295' title='bbox 455 3182 561 3214; x_wconf 90' lang='lat' dir='ltr'><strong>non</strong></span> <span class='ocrx_word' id='word_1_296' title='bbox 580 3163 784 3214; x_wconf 89' lang='lat' dir='ltr'><strong>vinctus</strong></span> <span class='ocrx_word' id='word_1_297' title='bbox 808 3183 820 3226; x_wconf 82' lang='lat'><em>3</em></span> <span class='ocrx_word' id='word_1_298' title='bbox 862 3163 960 3212; x_wconf 92' lang='lat' dir='ltr'><strong>hoc</strong></span> <span class='ocrx_word' id='word_1_299' title='bbox 982 3181 1147 3213; x_wconf 92' lang='lat' dir='ltr'><strong>unum</strong></span> <span class='ocrx_word' id='word_1_300' title='bbox 1169 3162 1337 3214; x_wconf 86' lang='lat' dir='ltr'><strong>defuit</strong></span> <span class='ocrx_word' id='word_1_301' title='bbox 1357 3161 1570 3231; x_wconf 90' lang='lat' dir='ltr'><strong>publico</strong></span> <span class='ocrx_word' id='word_1_302' title='bbox 1589 3162 1779 3231; x_wconf 86' lang='lat' dir='ltr'><strong>pudori</strong></span> <span class='ocrx_word' id='word_1_303' title='bbox 1801 3181 1814 3227; x_wconf 94' lang='lat'>;</span> <span class='ocrx_word' id='word_1_304' title='bbox 1855 3175 2090 3214; x_wconf 87' lang='lat' dir='ltr'><strong>ceterum</strong></span> 
     </span>
    </p>
   </div>
   <div class='ocr_carea' id='block_1_3' title="bbox 258 3247 2090 3318">
    <p class='ocr_par' dir='ltr' id='par_1_6' title="bbox 258 3247 2090 3318">
     <span class='ocr_line' id='line_1_36' title="bbox 258 3247 2090 3318; baseline -0.001 -16"><span class='ocrx_word' id='word_1_305' title='bbox 258 3270 320 3302; x_wconf 89' lang='lat' dir='ltr'><strong>eo</strong></span> <span class='ocrx_word' id='word_1_306' title='bbox 357 3249 541 3301; x_wconf 89' lang='lat' dir='ltr'><strong>habitu</strong></span> <span class='ocrx_word' id='word_1_307' title='bbox 582 3262 642 3300; x_wconf 93' lang='lat' dir='ltr'><strong>ut</strong></span> <span class='ocrx_word' id='word_1_308' title='bbox 680 3249 788 3318; x_wconf 90' lang='lat' dir='ltr'><strong>spei</strong></span> <span class='ocrx_word' id='word_1_309' title='bbox 827 3248 956 3299; x_wconf 91' lang='lat' dir='ltr'><strong>nihil</strong></span> <span class='ocrx_word' id='word_1_310' title='bbox 1007 3263 1135 3300; x_wconf 91' lang='lat' dir='ltr'><strong>esset</strong></span> <span class='ocrx_word' id='word_1_311' title='bbox 1180 3249 1236 3300; x_wconf 90' lang='lat' dir='ltr'><strong>in</strong></span> <span class='ocrx_word' id='word_1_312' title='bbox 1272 3249 1410 3317; x_wconf 83' lang='lat' dir='ltr'><strong>fuga.</strong></span> <span class='ocrx_word' id='word_1_313' title='bbox 1486 3248 1655 3318; x_wconf 91' lang='lat' dir='ltr'><strong>Inque</strong></span> <span class='ocrx_word' id='word_1_314' title='bbox 1704 3248 1817 3318; x_wconf 87' lang='lat' dir='ltr'><strong>ipso</strong></span> <span class='ocrx_word' id='word_1_315' title='bbox 1864 3247 2090 3301; x_wconf 85' lang='lat' dir='ltr'><strong>civitatis</strong></span> 
     </span>
    </p>
   </div>
  </div>
 </body>
</html>
