2242 3600
256 177 764 231 MATTHAEO
818 179 1135 232 LONGO
1190 177 1890 235 ARCHIDIACONO
1966 199 2033 253 79

186 306 352 360 laetus
385 292 564 360 tamen
595 307 741 378 quod
771 310 985 360 fortuna
1015 308 1165 360 illum
1199 309 1264 360 ad
1296 310 1524 362 amicum
1554 309 1717 363 limen
1749 311 2028 381 appulerit.

190 393 333 447 Vale.
406 394 491 446 Ad
519 396 724 447 fontem
755 394 963 464 Sorgiae
990 413 1116 448 vm..
1143 395 1404 449 Kalendas
1434 395 1754 467 Septembris
1781 396 1937 467 [1347
1967 397 2027 467 .?].

532 693 834 772 Raynaldo
867 694 1194 753 Veronensi.
1266 694 1430 754 Fam.
1461 695 1585 755 xiii.
1620 715 1673 755 2.

177 829 703 960 ADOLESCENS
756 849 916 901 quem
954 830 1021 882 ad
1065 844 1119 882 te
1156 831 1288 895 misi,
1329 850 1488 901 quam
1539 833 1669 884 mihi
1706 834 1773 885 sit
1811 834 2021 886 iunctus

323 918 572 986 sanguine
602 931 738 986 puto
769 917 867 969 tibi
900 937 1006 969 non
1037 918 1297 987 ignotum,
1331 919 1427 970 nisi
1465 920 1605 971 forte
1641 919 1877 972 subitum
1915 921 2022 973 eius

173 1002 577 1068 incrementum,
615 1003 760 1073 quod
795 1005 849 1055 in
885 1018 1057 1056 aetate
1090 1023 1180 1056 sua
1212 1023 1364 1074 saepe
1400 1005 1607 1070 accidit,
1646 1006 1745 1058 tibi
1782 1006 2021 1077 discipuli

174 1090 254 1140 tui
281 1090 526 1142 notitiam
552 1090 842 1142 abstulerit.
905 1091 1063 1143 Hunc
1097 1091 1138 1142 si
1170 1092 1325 1155 nosti,
1354 1111 1419 1143 ne
1442 1091 1575 1144 illud
1599 1092 1833 1162 quidem,
1860 1113 2019 1164 quam

172 1176 303 1228 mihi
344 1177 411 1228 sit
455 1196 617 1242 caruS,
662 1191 753 1229 aut
797 1196 956 1247 quam
1001 1178 1199 1230 bonum
1243 1177 1355 1229 fieri
1398 1179 1624 1247 cupiam,
1668 1180 1887 1248 ignoras.
1969 1181 2062 1239 Iss

172 1262 388 1332 quidem
414 1283 442 1315 a
465 1264 650 1315 scholis
676 1265 778 1316 tuis
804 1266 916 1316 fato
940 1284 1034 1317 suo
1059 1279 1208 1317 tener
1232 1264 1521 1317 admodum
1546 1265 1852 1332 abstractus,
1875 1268 2040 1338 apud,

112 1421 118 1427 ¹
171 1349 458 1414 Gibertum
489 1351 837 1416 Parmensem,
866 1371 973 1404 non
1011 1351 1296 1420 ignobilem
1330 1353 1751 1420 grammaticum,
1780 1353 2014 1424 aliquan-

170 1436 343 1489 tulum
364 1438 612 1507 temporis
633 1439 820 1507 exegit.
879 1439 1114 1507 Ingenio,
1133 1452 1195 1491 ut
1213 1440 1460 1509 suspicor,
1482 1459 1589 1492 non
1608 1439 1746 1492 malo
1764 1441 2015 1509 (iudicare

167 1523 309 1574 enim
343 1524 587 1594 nequeo),
621 1525 696 1576 ita
727 1525 833 1577 sive
865 1525 1040 1577 vultus
1074 1526 1178 1577 mei
1210 1526 1517 1595 praesentia,
1551 1527 1657 1579 sive
1689 1527 2013 1596 ignorantiae

119 1632 126 1681 3
165 1629 286 1662 suae
307 1611 622 1663 conscientia
645 1611 907 1676 turbatur,
931 1626 993 1681 ut
1015 1612 1109 1664 sub
1131 1612 1438 1684 oculis-meis
1460 1631 1664 1683 semper
1685 1613 2011 1668 obstinatum
2034 1645 2081 1673 10

124 1691 131 1749 ἰ
166 1711 344 1749 teneat
381 1697 663 1762 silentium}
745 1699 925 1750 Vnum
964 1713 1040 1751 est
1077 1700 1132 1751 in
1170 1718 1277 1769 quo
1315 1718 1400 1751 me
1438 1719 1545 1752 non
1582 1701 1786 1770 patitur
1824 1721 2009 1755 errare.

163 1784 451 1848 Hominem
477 1785 681 1837 nullum
706 1785 814 1837 vidi
840 1786 999 1854 magis
1025 1806 1053 1838 a
1075 1786 1263 1838 litteris
1289 1786 1661 1839 abhorrentem
1683 1809 1697 1852 ;
1744 1790 2009 1842 neminem

162 1871 277 1923 odit
307 1886 398 1941 aut
428 1873 621 1924 metuit
651 1887 858 1942 praeter
886 1873 1117 1937 librum3
1167 1873 1317 1925 illum
1346 1874 1563 1926 unicum
1593 1875 1799 1926 hostem
1828 1876 2006 1929 habet.

159 1958 322 2023 Male,
348 1960 567 2029 inquies,
593 1960 849 2030 incepisti.
911 1960 1073 2025 Male,
1098 1961 1332 2030 inquam,
1357 1960 1447 2012 sed
1469 1980 1590 2013 vere
1611 1982 1624 2026 ;
1671 1981 1843 2032 neque
1867 1964 2007 2016 enim

122 2061 130 2118 J
159 2046 429 2098 heroicum
454 2066 662 2099 carmen
685 2049 741 2099 in
764 2047 1003 2099 manibus
1028 2061 1120 2099 est.
1181 2048 1306 2099 Non
1331 2047 1596 2116 egregium
1621 2047 2004 2102 adolescentem
2030 2071 2075 2114 15

119 2119 449 2213 Jdescribere
489 2149 565 2186 est
606 2135 824 2199 animus,
865 2134 954 2186 sed
976 2148 1248 2206 Rostrum.
1324 2134 1538 2186 Parmae
1577 2153 1635 2186 ac
1673 2134 1911 2188 Veronae
1951 2152 2004 2190 et

158 2221 428 2274 interdum
450 2222 649 2274 Patavii
675 2222 807 2274 altus
835 2235 928 2273 est.
993 2220 1156 2291 Saepe
1181 2240 1276 2290 ego
1301 2239 1477 2273 secum
1504 2221 1820 2274 mordaciter
1844 2223 2003 2275 iocari

123 2319 127 2382 ξ
155 2308 294 2360 soleo
318 2330 329 2361 :
380 2309 394 2332 ‘
417 2308 538 2361 vide
565 2328 630 2360 ne
658 2311 851 2360 famam
880 2327 1024 2360 suam
1051 2308 1269 2377 Virgilio
1298 2308 1479 2378 eripias
1508 2308 1681 2360 vicino
1710 2310 1840 2361 tuo.’
1907 2310 2002 2362 Ille

121 2383 126 2455 f
157 2410 334 2447 autem
372 2395 545 2447 oculos
582 2396 637 2447 in
675 2410 867 2447 terram
906 2394 1148 2446 deiiciens
1184 2394 1360 2446 subito
1397 2394 1587 2447 rubore
1623 2395 1998 2464 perfunditur;

116 2483 255 2534 §hoc
292 2483 474 2534 saltem
512 2483 752 2535 simulare
791 2502 896 2534 non
934 2496 1127 2552 potest.
1202 2483 1317 2535 Vna
1355 2483 1517 2550 igitur
1547 2502 1657 2552 spes
1697 2497 1805 2547 est3
1854 2504 1997 2536 vere·
2020 2510 2069 2537 20

155 2569 494 2621 cundissimus
531 2569 742 2622 videtur
779 2584 832 2620 et
871 2569 1040 2620 adhuc
1068 2588 1250 2640 gereus
1289 2583 1364 2620 est
1403 2583 1455 2620 et
1493 2583 1645 2638 aptus
1683 2569 1748 2620 ad
1785 2589 1996 2622 omnem

153 2656 395 2708 habitum
426 2675 523 2726 pro
553 2656 769 2707 arbitrio
799 2655 1147 2725 praeceptoris
1178 2654 1392 2707 inflecti.

221 2743 338 2794 Hoc
376 2742 472 2794 sibi
510 2762 665 2812 super
702 2757 872 2794 cetera
911 2742 1308 2794 incommodum
1348 2742 1566 2806 accedit,
1607 2741 1752 2812 quod
1790 2744 1844 2794 in
1882 2745 1995 2813 ipso

151 2829 379 2880 confinio
404 2815 789 2902 libertatisjme,
819 2828 964 2898 quod
991 2828 1273 2893 miraberis,
1304 2821 1805 2896 auctoreJParmensi
1832 2831 1990 2882 etiam

148 2916 416 2985 gymnasio
453 2906 679 2985 ereptus,
719 2915 783 2967 ad
820 2915 1053 2979 Curiam,
1091 2934 1224 2985 quae
1261 2916 1494 2967 Romana
1533 2915 1743 2980 dicitur,
1782 2935 1990 2968 mecum
2012 2939 2059 2980 25

148 3000 310 3063 venit,
353 2999 443 3050 ubi
484 3019 648 3068 prope
687 3000 790 3050 iam
832 3017 1027 3050 annum
1068 2998 1315 3068 perdidit.
1394 2998 1763 3068 Irreparabilis,
1803 3001 1988 3064 fateor,

146 3086 379 3149 iactura3
436 3085 542 3149 sed,
579 3086 619 3136 si
655 3085 807 3154 culpa
843 3099 936 3149 est,
970 3104 1070 3154 ego
1106 3085 1391 3155 culpandus
1429 3086 1520 3154 qui
1556 3084 1612 3136 id
1647 3084 1824 3149 volui3
1882 3105 1988 3138 non

148 3174 292 3244 quod
313 3174 442 3224 mihi
463 3173 690 3243 placeret
710 3173 842 3225 illud
863 3173 1071 3225 Horatii
1091 3194 1102 3225 ε
1146 3172 1457 3233 Quaerenda
1478 3173 1699 3242 pecunia
1720 3173 1951 3242 primum
1969 3195 1983 3237 3

148 3263 327 3315 Virtus
362 3275 481 3332 post
516 3280 774 3326 nummOS,
807 3260 896 3312 sed
926 3260 1140 3313 verebar
1172 3280 1253 3325 ne,
1285 3261 1326 3311 si
1357 3260 1487 3330 quid
1519 3259 1648 3311 mihi
1680 3259 1982 3312 humanitus
