2242 3600
275 189 302 236 s
438 185 830 238 IOHANNI
889 185 1385 239 COLVMNAE
1441 175 1945 239 CARDINALI

271 312 411 364 enim
448 327 600 382 putas
629 318 646 366 Β
721 314 900 364 Pastor
937 327 1162 389 armatus
1200 315 1334 367 silvis
1371 315 1624 384 invigilat,
1664 334 1770 367 non
1807 328 1915 367 tam
1951 313 2102 385 lupos

201 415 250 458 35
271 411 508 450 metuens
551 417 709 468 quam
753 412 1019 467 raptores;
1082 399 1325 452 loricatus
1369 414 1556 465 arator,
1599 400 1799 452 hastam
1842 399 1908 452 ad
1949 417 2100 452 usum

269 484 449 536 rustici
499 485 737 554 pugionis
788 484 1068 549 invertenS,
1120 486 1399 538 recusantis
1451 486 1594 539 bovis
1646 500 1790 555 terga
1838 485 2122 539 sollicitans

269 568 474 639 Auceps
513 571 643 622 retia
674 571 855 639 clypeo
884 570 1034 639 tegit,
1063 584 1116 622 et
1143 571 1368 641 piscator
1398 572 1561 623 hamis
1593 571 1857 624 fallacibus
1884 572 2100 624 haeren-

272 669 379 706 tem
429 674 593 707 escam
642 655 809 724 rigido
856 674 1107 707 mucrone
1152 656 1457 726 suspendit;
1525 657 1775 727 quodque
1821 656 2100 709 ridiculum

271 740 473 805 dixeris,
503 760 690 812 aquam
723 761 750 792 e
779 755 944 810 puteo
973 742 1253 811 petiturus,
1286 742 1635 812 rubiginosam
1662 743 1861 817 galeam
1891 741 2101 795 sordido

199 848 250 885 40
270 827 396 877 fune
421 827 706 878 connectit,
769 827 1015 896 Denique
1041 827 1171 878 nihil
1195 828 1303 879 sine
1329 827 1478 879 armis
1504 828 1589 879 hic
1615 828 1800 897 agitur.
1862 827 1991 888 Quis
2015 827 2103 879 ille

269 931 467 981 pernox
511 912 738 964 ululatus
783 912 1000 980 vigilum
1045 912 1100 963 in
1128 912 1434 977 'moenibus,
1481 932 1613 982 quae
1657 933 1805 966 voces
1850 913 1916 965 ad
1961 931 2101 965 arma

271 999 729 1064 conclamantium,
771 1019 905 1069 quae
950 999 1079 1050 mihi
1124 999 1179 1050 in
1218 1018 1462 1051 sonorum
1500 1000 1692 1064 locum,
1733 1018 1862 1069 quos
1900 998 2099 1051 blandis

265 1104 292 1135 e
339 1084 527 1137 fidibus
571 1086 858 1154 exprimere
901 1103 1285 1150 consueveram,
1329 1090 1652 1137 successere?
1733 1085 1882 1137 Nihil
1921 1085 2100 1137 incolis

268 1171 453 1222 harum
479 1171 749 1239 regionum
778 1172 916 1223 inter
938 1191 988 1222 se
1017 1185 1107 1223 aut
1132 1184 1312 1223 tutum
1339 1170 1509 1223 videas
1538 1184 1628 1222 aut
1655 1184 1900 1240 pacatum
1927 1170 2100 1224 audias

199 1272 248 1314 45
270 1270 359 1308 aut
379 1257 669 1309 humanum
689 1258 892 1322 sentias,
914 1257 1003 1309 sed
1023 1257 1218 1309 bellum
1239 1271 1292 1308 et
1312 1256 1430 1308 odia
1450 1270 1502 1308 et
1522 1256 1763 1326 operibus
1783 1256 2099 1309 daemonum

270 1357 458 1395 cuncta
483 1344 757 1396 simillima.
818 1345 913 1396 His
938 1344 994 1395 in
1012 1344 1157 1408 locis,
1184 1356 1333 1412 pater
1355 1343 1566 1412 inclyte,
1592 1343 1730 1395 inter
1753 1343 2017 1395 volentem
2043 1362 2101 1395 ac

270 1429 536 1481 nolentem
572 1430 759 1482 dubius
793 1431 896 1482 iam
930 1429 1401 1483 sextumdecimum
1435 1429 1573 1480 diem
1608 1448 1720 1498 ag0,
1754 1442 1807 1481 et
1840 1443 2100 1499 quantum

269 1529 443 1584 potest
462 1516 517 1567 in
537 1516 686 1568 rebus
708 1517 950 1568 omnibus
972 1515 1314 1580 consuetudo,
1335 1517 1536 1584 fragore
1555 1515 1785 1567 militum
1806 1529 1860 1567 et
1879 1514 2101 1567 stridore

266 1602 461 1654 lituum
488 1603 668 1654 ceteris
693 1603 748 1654 in
774 1604 935 1655 aciem
962 1601 1410 1666 concurrentibus,
1436 1620 1520 1652 me
1544 1620 1692 1670 saepe
1716 1620 1808 1670 per
1831 1601 1922 1653 hos
1949 1601 2100 1654 colles

200 1706 249 1747 50
269 1707 457 1756 vagum
488 1689 676 1753 videas,
710 1703 870 1759 atque
900 1689 1100 1762 aliquid
1130 1688 1275 1759 quod
1305 1688 1667 1757 posteritatem
1698 1687 1828 1739 mihi
1858 1687 2116 1759 conssilless„

270 1774 466 1826 assidue
499 1775 884 1841 meditantem„
935 1763 1131 1828 Omnes
1165 1794 1250 1826 me
1285 1762 1404 1826 cum
1439 1773 1783 1825 admiratione
1815 1774 2099 1843 respiciunt

271 1861 514 1925 otiosum,
545 1861 871 1930 intrepidum
904 1875 957 1912 et
986 1862 1240 1912 inermem
1263 1881 1276 1924 3
1329 1874 1511 1912 contra
1541 1879 1635 1928 ego
1665 1878 1842 1911 omnes
1873 1858 2100 1911 admiror

271 1947 500 2016 pavidos,
531 1948 774 1999 sollicitos
804 1961 856 1999 et
885 1961 1123 1999 armatos.

338 2033 481 2084 Haec
525 2048 600 2085 est
642 2034 989 2086 humanarum
1033 2033 1249 2085 varietas
1295 2032 1578 2084 actionum.
1645 2031 1804 2090 Quod
1847 2032 1886 2083 si
1928 2033 2100 2084 forsan

201 2138 247 2180 55
269 2119 556 2188 interroger
588 2138 652 2171 an
684 2120 806 2171 hinc
838 2120 1058 2188 migrare
1090 2119 1285 2184 malim,
1319 2137 1424 2170 non
1455 2117 1604 2169 facile
1636 2117 1889 2182 dixerim3
1942 2131 1996 2169 et
2026 2118 2102 2170 ire

268 2204 414 2255 iuvat
441 2218 493 2255 et
520 2223 729 2256 manere
756 2204 998 2257 delectat.
1060 2205 1146 2256 Ad
1171 2205 1401 2274 primum
1427 2204 1640 2273 pronior
1665 2221 1795 2267 sum,
1823 2222 1930 2254 non
1954 2202 2100 2273 quod

271 2395 396 2428 ram.
485 2378 576 2428 Est
629 2391 805 2428 autem
858 2378 1145 2429 secundum
1198 2391 1456 2440 naturam,
1498 2363 1784 2445 '‘iit-‘usque
1833 2376 1889 2427 in
1939 2376 2097 2428 finem

270 2477 515 2514 votorum
547 2463 747 2515 animus
779 2483 885 2515 non
916 2464 1181 2533 quiescat3
1235 2483 1295 2514 ex
1326 2482 1431 2532 quo
1461 2462 1684 2514 maxime
1714 2461 1938 2513 colorem
1969 2462 2099 2513 mihi

200 2567 251 2605 60
270 2548 478 2600 videtur
507 2548 742 2600 habuisse
772 2551 950 2619 opinio
979 2550 1080 2614 illa,
1113 2568 1245 2620 quae
1276 2549 1512 2600 beatifica
1540 2548 1733 2600 visione
1762 2548 1882 2612 Dei,
1911 2547 1966 2600 in
1996 2567 2099 2618 qua

272 2649 631 2686 consummata
664 2634 881 2686 felicitas
913 2635 1188 2686 hominurn
1229 2634 1479 2698 consistit,
1508 2633 1878 2684 defunctorum
1905 2633 2099 2685 animas

272 2733 379 2770 tam
433 2719 523 2770 diu
576 2720 821 2771 carituras
874 2719 1155 2784 astruebat,
1201 2719 1366 2771 donec
1417 2737 1632 2788 corpora
1672 2717 2097 2787 resumpsissent3

1197 2778 1381 2795 ψ

271 2807 414 2876 quod
455 2808 762 2859 naturaliter
802 2828 907 2859 non
949 2823 1131 2879 optare
1177 2828 1282 2860 non
1326 2820 1558 2876 possunt,
1595 2804 1828 2874 quamvis
1863 2803 1949 2855 illa
1983 2823 2097 2856 sen-

272 2894 437 2945 tentia
468 2894 757 2945 multorum
788 2896 987 2946 saniore
1017 2896 1211 2947 iudicio
1242 2896 1379 2948 victa
1410 2909 1463 2947 et
1495 2912 1614 2946 cum
1647 2907 1859 2945 auctore
1888 2912 1980 2945 suo
2013 2891 2100 2961 (da

199 3006 249 3057 65
272 2985 491 3049 veniam,
527 3005 732 3055 quaeso,
768 2987 859 3056 qui
892 2987 1041 3039 valde
1074 3007 1193 3040 eum
1228 2988 1316 3040 sed
1349 3007 1455 3040 non
1488 3005 1679 3038 errores
1714 2985 1819 3037 eius
1852 2984 2097 3054 dilexisti)

271 3071 471 3140 sepulta
496 3072 804 3141 iampridem
831 3073 913 3124 sit.
974 3074 1118 3126 Vale.
1175 3074 1373 3144 [1337.]
