2242 3600
703 180 1096 236 GVIDONI
1154 177 1546 232 SEPTIMO
1951 193 2039 230 101

606 362 864 421 Guidoni
890 359 1157 440 Septimo,
1228 358 1393 418 Fam.
1425 357 1565 418 xvii.
1599 372 1653 434 5.

331 485 470 538 VAE
522 504 652 555 spes,
701 483 845 555 quod
890 482 1118 536 solamen
1175 481 1416 551 publicae
1462 480 1768 534 calamitatis
1815 478 2041 542 audisti;

331 586 538 644 tempus
569 586 645 625 est
681 571 862 625 stilum
900 570 966 623 ad
1002 569 1216 622 laetiora
1255 568 1510 622 vertendi.
1595 567 1791 620 Audivi
1827 565 2043 637 quidem

203 670 258 710 te
309 660 443 712 curis
508 659 813 729 urgentibus
867 657 996 711 urbe
1048 658 1332 726 profugum
1386 675 1504 708 rura
1556 654 1756 707 sectari.
1856 652 2044 706 Laudo

202 763 402 798 morem
443 745 584 798 hunc
624 745 785 798 verbo
826 743 1094 807 continue,
1135 762 1191 794 re
1233 741 1359 795 dum
1399 742 1541 807 licet,
1581 740 1672 794 sed
1713 740 1778 792 de
1818 758 2041 810 occupa-

202 831 409 885 tionum
464 832 781 885 urbanarum
834 829 1099 901 suppliciis
1155 828 1325 900 deque
1377 829 1603 882 solitaria
1657 828 1836 898 quiete
1887 826 2042 879 latius
2063 845 2087 885 5

201 917 481 988 aliquando
517 918 746 984 disserui,
773 931 826 970 et
852 937 928 969 res
966 930 1059 981 est,
1087 915 1152 967 de
1178 934 1281 985 qua
1315 916 1410 967 etsi
1436 915 1603 968 multa
1627 934 1777 985 saepe
1803 913 2042 978 dixerim,

200 1005 367 1057 multa
389 1005 575 1071 dicam,
593 1006 633 1058 si
659 1005 749 1058 diu
772 1005 947 1058 vivere
964 1003 1148 1055 datum
1169 1016 1245 1054 est
1272 1043 1283 1054 .
1313 1044 1324 1054 .
1354 1043 1365 1054 .
1428 1001 1552 1071 [His
1566 1001 1724 1053 desire
1732 1001 1819 1071 for
1834 999 2043 1052 solitude

199 1090 290 1142 has
322 1092 571 1149 hardened
603 1093 706 1144 into
740 1112 772 1143 a
806 1089 990 1160 habit]
1059 1088 1162 1141 Sed
1194 1102 1256 1141 ut
1291 1089 1465 1141 omnia
1498 1089 1596 1141 ista
1629 1101 1951 1158 praeteream
1986 1099 2041 1139 et

199 1177 266 1229 ad
286 1177 343 1229 id
365 1179 570 1231 veniam
594 1178 738 1249 quod
760 1179 899 1230 inter
922 1176 1089 1229 multa
1107 1175 1431 1245 fftrahentia
1453 1194 1538 1227 me
1561 1194 1700 1228 nunc
1724 1173 1790 1226 ad
1812 1173 2039 1226 scriben-

200 1263 328 1316 dum
365 1265 546 1337 trahit,
585 1265 741 1318 audio
779 1279 833 1318 te
870 1264 1041 1316 nescio
1078 1277 1211 1333 quot
1249 1262 1430 1315 diebus
1467 1262 1597 1314 ruris
1634 1262 1754 1327 mei,
1793 1259 1938 1331 quod
1974 1257 2041 1311 ad
2065 1282 2112 1309 10

122 1413 128 1419 .
197 1354 403 1405 fontem
439 1352 648 1423 Sorgiae
683 1367 777 1419 est,
812 1352 1037 1405 incolam
1072 1352 1226 1404 fuisse
1260 1365 1314 1403 et
1349 1369 1591 1403 curarum
1628 1364 1837 1402 tuarum
1873 1361 2040 1400 aestus

196 1438 299 1491 loci
333 1440 524 1510 optimi
555 1441 820 1510 refrigerio
853 1454 1178 1510 temperasse.
1249 1438 1444 1503 Placet,
1475 1436 1853 1506 consiliumque
1885 1448 2039 1487 tuum

197 1525 298 1578 hoc
328 1525 521 1592 laud03
575 1527 670 1579 nisi
704 1528 843 1580 enim
876 1546 961 1579 me
992 1545 1166 1579 rerum
1199 1544 1433 1578 mearum
1466 1524 1600 1577 fallit
1633 1543 1796 1588 amor,
1829 1536 1882 1575 et
1915 1541 2040 1574 con-

196 1613 486 1665 suetudinis
523 1614 597 1666 vis
636 1614 898 1684 antiquae,
937 1633 1057 1666 vere
1094 1632 1177 1665 rus
1214 1611 1346 1664 illud
1382 1611 1524 1664 locus
1563 1623 1638 1663 est
1675 1610 1814 1681 pacis
1851 1623 1905 1661 et
1943 1606 2040 1660 otii

198 1698 400 1765 domuS,
437 1700 638 1771 requies
674 1699 933 1766 laborum,
972 1699 1366 1770 tranquillitatis
1402 1698 1709 1769 hospitium,
1746 1694 2039 1749 solitudinis
2063 1718 2110 1761 ¹5

196 1785 401 1838 officina
427 1827 439 1838 .
467 1827 480 1838 .
509 1827 520 1838 .
598 1786 677 1856 [It
715 1788 758 1838 is
794 1785 1131 1856 particularly
1168 1785 1332 1838 suited
1377 1797 1420 1837 to
1463 1784 1674 1854 literary
1705 1779 2040 1853 productiora]

195 1871 379 1942 Longe
408 1872 533 1925 inde
563 1872 776 1926 exulant
812 1872 1009 1925 urbana
1040 1872 1249 1942 negotia
1277 1885 1330 1924 et
1356 1871 1533 1924 litium
1560 1872 1732 1923 fervor
1759 1883 1814 1922 et
1841 1887 2037 1921 comes-

146 2010 155 2013 ί
194 1960 423 2012 santium
473 1960 737 2030 strepitus.
826 1960 951 2012 Non
1001 1959 1075 2011 ibi
1115 1959 1343 2011 sentitur
1389 1976 1654 2010 armorum
1697 1958 1887 2026 fragor,
1931 1975 2038 2007 non

193 2046 358 2099 inanis
390 2046 591 2099 laetitia
625 2047 1035 2117 triumphorum,
1063 2065 1169 2098 non
1195 2045 1517 2113 ingonsultus
1544 2065 1583 2101 e„
1596 2043 1859 2109 &1113ssth
1885 2056 2105 2114 natus

195 2152 402 2207 maeror
422 2153 529 2204 quo
554 2154 694 2186 nunc
720 2134 975 2203 angimur.
1056 2132 1282 2206 {rudunt
1308 2132 1539 2202 argentei
1564 2132 1725 2202 pisces
1749 2131 1805 2183 in
1829 2130 2037 2200 gurgite
2060 2151 2109 2179 20

193 2197 389 2207 *nd-s

194 2220 527 2293 vitreoL-rari
573 2220 757 2291 procul
802 2220 858 2272 in
904 2220 1064 2290 pratis
1112 2220 1358 2289 mugiunt
1406 2219 1579 2285 boves,
1626 2213 1837 2270 sibilant
1884 2236 2037 2270 aurae

192 2307 416 2359 salubres
452 2307 637 2360 leviter
671 2307 920 2377 percussis
960 2306 1246 2372 arboribus,
1282 2306 1513 2359 volucres
1548 2318 1745 2358 canunt
1778 2304 1948 2357 variae
1980 2304 2036 2355 in

194 2393 345 2444 ramis
375 2434 387 2444 .
419 2434 430 2445 .
463 2434 474 2444 .
547 2392 636 2462 [In
662 2393 796 2445 short
823 2394 866 2445 it
892 2394 936 2445 is
962 2413 992 2444 a
1020 2393 1260 2445 veritable
1284 2392 1480 2462 earthly
1501 2390 1781 2462 paradise]

263 2478 395 2531 Illuc
416 2499 538 2549 ergo
555 2480 798 2550 quotiens
822 2493 988 2545 vacat,
1010 2480 1050 2531 si
1075 2479 1204 2550 quid
1228 2480 1358 2532 mihi
1382 2479 1566 2545 crediS,
1587 2499 1615 2531 a
1633 2476 2034 2548 tempestatibus

195 2565 384 2618 Curiae
417 2565 563 2618 velut
596 2566 652 2618 in
684 2580 901 2637 portum
935 2567 1094 2636 fuge3
1147 2565 1253 2619 illic
1287 2566 1427 2618 enim
1463 2585 1569 2618 non
1603 2565 1753 2618 aliter
1786 2582 1945 2635 quam
1978 2563 2034 2615 in
2055 2589 2103 2629 25

194 2666 354 2723 portu
396 2651 676 2705 Brundusii
699 2651 1599 2729 *figetuantemanimi-*naviculam
1641 2651 1868 2705 tremulo
1908 2652 2036 2703 fune

195 2757 312 2791 com
343 2757 518 2808 {Sucssssa
581 2738 1221 2822 &lib-elliaaQ-{Q
1235 2740 1326 2811 qui
1361 2739 1543 2792 crebro
1578 2739 1730 2791 nimis
1765 2722 2060 2791 absenteris

194 2824 468 2877 dominum
497 2824 681 2894 lugent
712 2839 1086 2895 mutatumque
1117 2826 1405 2879 custodem.
1488 2827 1647 2878 Vtere
1678 2824 1908 2890 hortulo,
1941 2823 2033 2894 qui

190 2911 430 2976 similem,
477 2930 635 2981 quem
680 2911 896 2982 quidem
942 2931 1037 2980 ego
1081 2911 1320 2978 viderim,
1368 2927 1485 2965 toto
1530 2912 1657 2965 orbe
1701 2931 1808 2964 non
1853 2909 2031 2974 habet,

193 3013 446 3068 tuamque
481 3011 535 3050 et
573 2997 794 3050 Socratis
831 3011 994 3049 nostrl
1031 2997 1189 3049 fidem
1226 2998 1472 3070 implorat
1509 3019 1574 3051 ne
1611 3018 1725 3051 mea
1759 2997 1857 3050 sibi
1893 2997 2031 3050 obsit
2051 3016 2101 3055 30

192 3084 439 3137 absentia.
499 3083 726 3153 Signabo
746 3098 923 3136 autem
946 3083 1085 3135 diem
1107 3084 1205 3136 tibi
1224 3085 1449 3138 serendis
1471 3085 1739 3138 arboribus
1759 3084 2028 3149 idoneum,

193 3191 300 3224 non
326 3190 446 3223 eum
474 3189 633 3240 quem
658 3172 872 3223 fortasse
899 3170 1021 3222 alibi
1046 3190 1143 3241 pro
1170 3171 1469 3225 diversitate
1496 3187 1751 3225 terrarum
1779 3169 2029 3241 agricolae

191 3258 485 3311 observant.
548 3255 743 3310 Audivi
768 3276 910 3310 senes
939 3257 1068 3310 dicti
1096 3259 1242 3324 ruriS,
1272 3273 1394 3311 ante
1421 3259 1542 3311 alios
1571 3258 1803 3312 villicum
1830 3276 2027 3324 meum,
