2242 3600
216 166 276 229 38
352 160 825 218 CLEMENTI
877 165 984 231 VI,
1038 165 1501 222 P'ONTIFICI
1558 160 1939 218 MAXIMO

213 290 352 343 brius
385 291 589 357 vivunt,
617 307 670 344 et
697 294 921 363 populus
954 294 1218 348 Romanus
1252 309 1422 348 aetate
1455 293 1835 358 florentissima,
1861 291 2048 344 eodem

139 398 187 439 35
212 389 345 429 teste
379 377 567 444 Plinio,
603 379 739 431 ultra
776 382 1210 435 sexcentesimum
1247 401 1444 435 annum
1475 380 1626 445 vixit,
1653 398 1817 432 vnum
1849 376 1949 430 tibi
1981 375 2046 428 de

212 462 390 514 multis
426 463 575 533 elige,
607 484 712 516 non
745 465 1064 536 eloquentia,
1095 468 1184 519 sed
1215 467 1429 519 scientia
1461 480 1514 518 et
1551 449 2044 535 fidezonspicuum.

212 548 324 599 Iam
352 549 492 601 enim
513 550 839 619 professionis
860 571 980 606 suae
999 552 1328 606 immemores
1349 567 1402 605 et
1426 552 1651 605 dumetis
1669 550 1890 622 propriis
1912 548 2050 611 erl'e

211 633 336 698 ausi,
369 650 644 704 poetarum
681 656 862 689 nemus
894 652 948 689 et
979 639 1253 691 rhetorum
1289 658 1535 709 campum
1572 651 1784 708 petunt,
1817 650 1871 688 et
1904 651 2086 721 Q

210 739 316 771 non
345 722 593 786 curaturi,
615 723 703 774 sed
730 724 1019 810 persuasuri
1039 724 1172 776 circa
1201 725 1506 777 miserorum
1533 723 1830 793 grabatulos
1858 739 2050 790 magno

137 787 382 869 4ἶΒὸειῖιι
398 806 699 877 dlsputant,
737 806 897 879 atque
933 800 1034 861 illis
1065 810 1410 862 morientibus
1446 809 1849 880 Hippocraticos
1886 806 2050 859 nodos

209 891 455 944 Tulliano
484 894 704 946 stamine
733 895 1120 964 permiscentes,
1149 896 1355 948 sinistro
1385 896 1618 967 quamvis
1647 909 1841 948 eventu
1869 913 2050 964 super-

211 976 382 1041 biunt,
435 997 529 1029 nec
579 997 754 1032 rerum
806 981 1079 1034 effectibus
1131 982 1219 1033 sed
1269 982 1411 1034 inani
1461 971 1742 1038 verborum
1793 978 2050 1050 elegantia

208 1062 513 1131 gloriantur.
579 1065 656 1116 Ac
687 1085 751 1117 ne
782 1066 910 1136 quid
940 1087 967 1119 a
997 1086 1081 1118 me
1110 1067 1267 1119 hodie
1293 1068 1478 1119 fictum
1506 1067 1697 1119 medici
1726 1066 1807 1118 tui
1835 1078 2049 1136 putent,

210 1168 367 1219 quem
406 1169 555 1221 saepe
595 1152 810 1204 nomino
848 1153 1096 1219 Plinium,
1130 1154 1274 1223 quod
1312 1154 1351 1206 is
1390 1168 1443 1206 et
1484 1154 1548 1206 de
1579 1151 1849 1205 medicinis
1881 1151 2050 1204 multa

136 1255 184 1295 45
208 1249 261 1286 et
310 1235 374 1287 de
421 1237 632 1289 medicis
681 1238 829 1309 plura
878 1259 1036 1309 quam
1085 1240 1360 1310 quisquam
1402 1254 1462 1311 et*
1496 1239 1694 1293 veriora
1741 1239 1956 1303 diceret,
1994 1237 2049 1289 in

208 1321 449 1374 omnibus
488 1325 595 1375 fere
631 1325 784 1377 huius
823 1326 1070 1395 epistolae
1108 1326 1342 1396 partibus
1382 1326 1570 1378 ducem
1606 1325 1784 1378 habui.
1816 1310 1818 1312 V
1868 1324 2049 1394 Ipsum

208 1427 330 1476 ergo
369 1409 601 1462 audiant.
686 1412 934 1476 ‘Palam,’
973 1412 1167 1482 inquit,
1207 1415 1220 1437 ‘
1243 1426 1318 1464 est
1358 1427 1419 1464 ut
1469 1412 1688 1483 quisque
1740 1412 1878 1464 inter
1926 1411 2050 1463 istos

203 1494 473 1566 loquendo
519 1497 730 1566 polleat,
777 1497 1149 1568 imperatorem
1194 1497 1332 1550 illico
1371 1498 1510 1551 vitae
1550 1513 1756 1555 nostrae
1805 1497 2050 1568 necisque

209 1580 356 1632 fieri.'

138 1690 187 1730 50
280 1667 379 1719 Sed
401 1688 495 1737 ego
521 1669 724 1739 longius
748 1691 905 1742 quarn
934 1671 1332 1737 destinaveram,
1354 1686 1501 1724 metu
1529 1671 1785 1724 calamum
1807 1684 2050 1740 urgente,

210 1768 486 1822 provectus
520 1775 650 1810 sum.
708 1758 778 1810 Vt
808 1778 936 1819 ,vero
970 1758 1073 1810 iam
1110 1757 1359 1822 desinam,
1394 1757 1658 1810 medicum
1693 1776 1799 1809 non
1833 1755 2049 1808 consilio

209 1839 297 1891 sed
336 1840 545 1911 eloquio
590 1843 878 1913 pollentem
914 1843 1059 1897 velut
1095 1843 1452 1896 insidiatorem
1491 1843 1647 1908 vitae,
1679 1842 1918 1894 sicarium
1956 1855 2049 1894 aut

207 1927 499 1979 veneficum
525 1928 690 1981 vitare
717 1930 887 1982 debes.
949 1930 1090 1982 Huic
1118 1930 1333 2000 quidem
1358 1929 1470 1982 iure
1495 1929 1700 2000 optimo
1727 1928 1829 1980 dici
1854 1941 2050 1998 potest,

210 2012 353 2082 quod
385 2013 592 2084 loquaci
628 2036 798 2087 coquo
832 2016 1102 2069 Plautinus
1137 2016 1223 2068 ille
1256 2036 1411 2068 senex
1443 2015 1498 2068 in
1524 2015 1836 2068 Aulularia:
1893 2013 2051 2079 ‘Abi‚

138 2116 183 2156 55
208 2117 363 2167 opera
381 2099 484 2151 huc
503 2100 764 2154 conducta
785 2117 861 2154 est
882 2116 1069 2167 vestra,
1092 2121 1198 2153 non
1220 2101 1424 2154 oratio.’
1486 2101 1571 2152 Ad
1590 2101 1718 2152 haec
1739 2114 1793 2152 et
1811 2114 2047 2152 exactam

209 2183 289 2236 tui
309 2186 598 2239 custodiam
619 2202 689 2253 et,
712 2208 843 2259 quae
863 2189 928 2241 ad
945 2188 1166 2241 salutem
1187 2187 1413 2258 corporis
1432 2186 1573 2239 miris
1592 2186 1760 2238 modis
1779 2186 2050 2250 adiuvant,

149 2313 151 2317 .
209 2289 352 2340 spem
384 2272 574 2325 bonam
604 2295 662 2326 ac
684 2275 887 2330 ‚laetum
918 2275 1152 2327 animum
1181 2275 1394 2339 habeto,
1423 2274 1463 2325 si
1493 2287 1563 2338 te,
1593 2273 1633 2325 si
1662 2293 1752 2325 nos
1782 2292 1979 2337 omne8‚
2009 2272 2052 2325 si

159 2396 166 2400 -
210 2371 386 2410 tecum
419 2374 777 2428 aegrotantem
813 2361 1093 2414 Ecclesiam
1130 2361 1319 2414 salvam
1353 2360 1512 2430 cupis.
1589 2359 1732 2412 Vale.
1812 2378 1893 2412 111.
1923 2359 2051 2412 Idus

208 2441 398 2496 Martii
426 2445 475 2513 [1
487 2461 512 2512 3
521 2462 545 2514 5
556 2446 624 2517 2].

413 2659 665 2719 Iohanni
698 2658 1006 2718 Columnae
1033 2681 1068 2716 a
1099 2659 1214 2717 San
1246 2657 1401 2716 Vito.
1473 2654 1637 2714 Fam.
1670 2655 1747 2714 vi.
1782 2674 1835 2714 2.

333 2796 930 2850 EAMBVLABAMVS
972 2796 1169 2847 Rornae
1207 2793 1336 2858 soli3
1394 2811 1570 2845 meum
1612 2791 1826 2862 quidem
1865 2792 2048 2845 obam—

335 2883 550 2936 bulandi
601 2882 1004 2953 peripateticum
1057 2899 1257 2933 morem
1308 2877 1462 2931 nosti.
1548 2878 2050 2959 Placen-,Qatutae

212 2970 549 3041 moribusque
596 2969 720 3021 meis
769 2968 1061 3039 aptissimus
1109 2981 1211 3025 est„
1285 2966 1363 3018 Ex
1408 2963 1741 3035 opinionibus
1791 2965 2047 3036 quaedam

212 3058 437 3128 placent,
482 3056 607 3108 aliae
650 3069 827 3108 autem
872 3054 1124 3119 minime3
1187 3073 1293 3106 non
1336 3050 1531 3104 etenim
1575 3065 1735 3103 sectas
1778 3070 1914 3116 am0,
1958 3051 2049 3104 sed

165 3166 187 3206 5
211 3163 409 3197 verum.
479 3143 667 3213 Itaque
703 3162 843 3194 nunc
878 3140 1272 3211 Peripateticus,
1305 3158 1444 3192 nunc
1482 3138 1685 3190 Stoicus
1717 3157 1850 3202 sum,
1882 3136 2047 3190 inter-

211 3230 338 3282 dum
362 3228 719 3293 Academicus,
743 3248 891 3299 saepe
914 3243 1090 3280 autem
1115 3226 1243 3279 nihil
1265 3226 1472 3289 horum,
1492 3224 1732 3295 quotiens
1756 3223 2046 3295 quidquam
